%YAML 1.1
%TAG !u! tag:unity3d.com,2011:
--- !u!29 &1
OcclusionCullingSettings:
  m_ObjectHideFlags: 0
  serializedVersion: 2
  m_OcclusionBakeSettings:
    smallestOccluder: 5
    smallestHole: 0.25
    backfaceThreshold: 100
  m_SceneGUID: 00000000000000000000000000000000
  m_OcclusionCullingData: {fileID: 0}
--- !u!104 &2
RenderSettings:
  m_ObjectHideFlags: 0
  serializedVersion: 9
  m_Fog: 0
  m_FogColor: {r: 0.5, g: 0.5, b: 0.5, a: 1}
  m_FogMode: 3
  m_FogDensity: 0.01
  m_LinearFogStart: 0
  m_LinearFogEnd: 300
  m_AmbientSkyColor: {r: 0.212, g: 0.227, b: 0.259, a: 1}
  m_AmbientEquatorColor: {r: 0.114, g: 0.125, b: 0.133, a: 1}
  m_AmbientGroundColor: {r: 0.047, g: 0.043, b: 0.035, a: 1}
  m_AmbientIntensity: 1
  m_AmbientMode: 3
  m_SubtractiveShadowColor: {r: 0.42, g: 0.478, b: 0.627, a: 1}
  m_SkyboxMaterial: {fileID: 0}
  m_HaloStrength: 0.5
  m_FlareStrength: 1
  m_FlareFadeSpeed: 3
  m_HaloTexture: {fileID: 0}
  m_SpotCookie: {fileID: 10001, guid: 0000000000000000e000000000000000, type: 0}
  m_DefaultReflectionMode: 0
  m_DefaultReflectionResolution: 128
  m_ReflectionBounces: 1
  m_ReflectionIntensity: 1
  m_CustomReflection: {fileID: 0}
  m_Sun: {fileID: 0}
  m_IndirectSpecularColor: {r: 0, g: 0, b: 0, a: 1}
  m_UseRadianceAmbientProbe: 0
--- !u!157 &3
LightmapSettings:
  m_ObjectHideFlags: 0
  serializedVersion: 12
  m_GIWorkflowMode: 1
  m_GISettings:
    serializedVersion: 2
    m_BounceScale: 1
    m_IndirectOutputScale: 1
    m_AlbedoBoost: 1
    m_EnvironmentLightingMode: 0
    m_EnableBakedLightmaps: 0
    m_EnableRealtimeLightmaps: 0
  m_LightmapEditorSettings:
    serializedVersion: 12
    m_Resolution: 2
    m_BakeResolution: 40
    m_AtlasSize: 1024
    m_AO: 0
    m_AOMaxDistance: 1
    m_CompAOExponent: 1
    m_CompAOExponentDirect: 0
    m_ExtractAmbientOcclusion: 0
    m_Padding: 2
    m_LightmapParameters: {fileID: 0}
    m_LightmapsBakeMode: 1
    m_TextureCompression: 1
    m_FinalGather: 0
    m_FinalGatherFiltering: 1
    m_FinalGatherRayCount: 256
    m_ReflectionCompression: 2
    m_MixedBakeMode: 2
    m_BakeBackend: 0
    m_PVRSampling: 1
    m_PVRDirectSampleCount: 32
    m_PVRSampleCount: 500
    m_PVRBounces: 2
    m_PVREnvironmentSampleCount: 500
    m_PVREnvironmentReferencePointCount: 2048
    m_PVRFilteringMode: 2
    m_PVRDenoiserTypeDirect: 0
    m_PVRDenoiserTypeIndirect: 0
    m_PVRDenoiserTypeAO: 0
    m_PVRFilterTypeDirect: 0
    m_PVRFilterTypeIndirect: 0
    m_PVRFilterTypeAO: 0
    m_PVREnvironmentMIS: 0
    m_PVRCulling: 1
    m_PVRFilteringGaussRadiusDirect: 1
    m_PVRFilteringGaussRadiusIndirect: 5
    m_PVRFilteringGaussRadiusAO: 2
    m_PVRFilteringAtrousPositionSigmaDirect: 0.5
    m_PVRFilteringAtrousPositionSigmaIndirect: 2
    m_PVRFilteringAtrousPositionSigmaAO: 1
    m_ExportTrainingData: 0
    m_TrainingDataDestination: TrainingData
    m_LightProbeSampleCountMultiplier: 4
  m_LightingDataAsset: {fileID: 0}
  m_LightingSettings: {fileID: 4890085278179872738, guid: 9089a79336156d54e8398a49764a39e4,
    type: 2}
--- !u!196 &4
NavMeshSettings:
  serializedVersion: 2
  m_ObjectHideFlags: 0
  m_BuildSettings:
    serializedVersion: 2
    agentTypeID: 0
    agentRadius: 0.5
    agentHeight: 2
    agentSlope: 45
    agentClimb: 0.4
    ledgeDropHeight: 0
    maxJumpAcrossDistance: 0
    minRegionArea: 2
    manualCellSize: 0
    cellSize: 0.16666667
    manualTileSize: 0
    tileSize: 256
    accuratePlacement: 0
    maxJobWorkers: 0
    preserveTilesOutsideBounds: 0
    debug:
      m_Flags: 0
  m_NavMeshData: {fileID: 0}
--- !u!1001 &496451
PrefabInstance:
  m_ObjectHideFlags: 0
  serializedVersion: 2
  m_Modification:
    m_TransformParent: {fileID: 810833977}
    m_Modifications:
    - target: {fileID: 2016912808366974963, guid: ea8bf87d977e1e443b33965b21179475,
        type: 3}
      propertyPath: m_Name
      value: platform (19)
      objectReference: {fileID: 0}
    - target: {fileID: 2016912808366974972, guid: ea8bf87d977e1e443b33965b21179475,
        type: 3}
      propertyPath: m_SortingLayer
      value: 2
      objectReference: {fileID: 0}
    - target: {fileID: 2016912808366974972, guid: ea8bf87d977e1e443b33965b21179475,
        type: 3}
      propertyPath: m_SortingLayerID
      value: -352488269
      objectReference: {fileID: 0}
    - target: {fileID: 2016912808366974973, guid: ea8bf87d977e1e443b33965b21179475,
        type: 3}
      propertyPath: m_RootOrder
      value: 19
      objectReference: {fileID: 0}
    - target: {fileID: 2016912808366974973, guid: ea8bf87d977e1e443b33965b21179475,
        type: 3}
      propertyPath: m_LocalScale.x
      value: 1
      objectReference: {fileID: 0}
    - target: {fileID: 2016912808366974973, guid: ea8bf87d977e1e443b33965b21179475,
        type: 3}
      propertyPath: m_LocalScale.y
      value: 1
      objectReference: {fileID: 0}
    - target: {fileID: 2016912808366974973, guid: ea8bf87d977e1e443b33965b21179475,
        type: 3}
      propertyPath: m_LocalPosition.x
      value: 5
      objectReference: {fileID: 0}
    - target: {fileID: 2016912808366974973, guid: ea8bf87d977e1e443b33965b21179475,
        type: 3}
      propertyPath: m_LocalPosition.y
      value: 187.6
      objectReference: {fileID: 0}
    - target: {fileID: 2016912808366974973, guid: ea8bf87d977e1e443b33965b21179475,
        type: 3}
      propertyPath: m_LocalPosition.z
      value: 0
      objectReference: {fileID: 0}
    - target: {fileID: 2016912808366974973, guid: ea8bf87d977e1e443b33965b21179475,
        type: 3}
      propertyPath: m_LocalRotation.w
      value: 1
      objectReference: {fileID: 0}
    - target: {fileID: 2016912808366974973, guid: ea8bf87d977e1e443b33965b21179475,
        type: 3}
      propertyPath: m_LocalRotation.x
      value: -0
      objectReference: {fileID: 0}
    - target: {fileID: 2016912808366974973, guid: ea8bf87d977e1e443b33965b21179475,
        type: 3}
      propertyPath: m_LocalRotation.y
      value: -0
      objectReference: {fileID: 0}
    - target: {fileID: 2016912808366974973, guid: ea8bf87d977e1e443b33965b21179475,
        type: 3}
      propertyPath: m_LocalRotation.z
      value: -0
      objectReference: {fileID: 0}
    - target: {fileID: 2016912808366974973, guid: ea8bf87d977e1e443b33965b21179475,
        type: 3}
      propertyPath: m_LocalEulerAnglesHint.x
      value: 0
      objectReference: {fileID: 0}
    - target: {fileID: 2016912808366974973, guid: ea8bf87d977e1e443b33965b21179475,
        type: 3}
      propertyPath: m_LocalEulerAnglesHint.y
      value: 0
      objectReference: {fileID: 0}
    - target: {fileID: 2016912808366974973, guid: ea8bf87d977e1e443b33965b21179475,
        type: 3}
      propertyPath: m_LocalEulerAnglesHint.z
      value: 0
      objectReference: {fileID: 0}
    m_RemovedComponents: []
  m_SourcePrefab: {fileID: 100100000, guid: ea8bf87d977e1e443b33965b21179475, type: 3}
--- !u!4 &496452 stripped
Transform:
  m_CorrespondingSourceObject: {fileID: 2016912808366974973, guid: ea8bf87d977e1e443b33965b21179475,
    type: 3}
  m_PrefabInstance: {fileID: 496451}
  m_PrefabAsset: {fileID: 0}
--- !u!1001 &193568722
PrefabInstance:
  m_ObjectHideFlags: 0
  serializedVersion: 2
  m_Modification:
    m_TransformParent: {fileID: 810833977}
    m_Modifications:
    - target: {fileID: 2016912808366974963, guid: ea8bf87d977e1e443b33965b21179475,
        type: 3}
      propertyPath: m_Name
      value: platform (8)
      objectReference: {fileID: 0}
    - target: {fileID: 2016912808366974972, guid: ea8bf87d977e1e443b33965b21179475,
        type: 3}
      propertyPath: m_SortingLayer
      value: 2
      objectReference: {fileID: 0}
    - target: {fileID: 2016912808366974972, guid: ea8bf87d977e1e443b33965b21179475,
        type: 3}
      propertyPath: m_SortingLayerID
      value: -352488269
      objectReference: {fileID: 0}
    - target: {fileID: 2016912808366974973, guid: ea8bf87d977e1e443b33965b21179475,
        type: 3}
      propertyPath: m_RootOrder
      value: 8
      objectReference: {fileID: 0}
    - target: {fileID: 2016912808366974973, guid: ea8bf87d977e1e443b33965b21179475,
        type: 3}
      propertyPath: m_LocalScale.x
      value: 1
      objectReference: {fileID: 0}
    - target: {fileID: 2016912808366974973, guid: ea8bf87d977e1e443b33965b21179475,
        type: 3}
      propertyPath: m_LocalScale.y
      value: 1
      objectReference: {fileID: 0}
    - target: {fileID: 2016912808366974973, guid: ea8bf87d977e1e443b33965b21179475,
        type: 3}
      propertyPath: m_LocalPosition.x
      value: 4.8
      objectReference: {fileID: 0}
    - target: {fileID: 2016912808366974973, guid: ea8bf87d977e1e443b33965b21179475,
        type: 3}
      propertyPath: m_LocalPosition.y
      value: 86.4
      objectReference: {fileID: 0}
    - target: {fileID: 2016912808366974973, guid: ea8bf87d977e1e443b33965b21179475,
        type: 3}
      propertyPath: m_LocalPosition.z
      value: 0
      objectReference: {fileID: 0}
    - target: {fileID: 2016912808366974973, guid: ea8bf87d977e1e443b33965b21179475,
        type: 3}
      propertyPath: m_LocalRotation.w
      value: 1
      objectReference: {fileID: 0}
    - target: {fileID: 2016912808366974973, guid: ea8bf87d977e1e443b33965b21179475,
        type: 3}
      propertyPath: m_LocalRotation.x
      value: -0
      objectReference: {fileID: 0}
    - target: {fileID: 2016912808366974973, guid: ea8bf87d977e1e443b33965b21179475,
        type: 3}
      propertyPath: m_LocalRotation.y
      value: -0
      objectReference: {fileID: 0}
    - target: {fileID: 2016912808366974973, guid: ea8bf87d977e1e443b33965b21179475,
        type: 3}
      propertyPath: m_LocalRotation.z
      value: -0
      objectReference: {fileID: 0}
    - target: {fileID: 2016912808366974973, guid: ea8bf87d977e1e443b33965b21179475,
        type: 3}
      propertyPath: m_LocalEulerAnglesHint.x
      value: 0
      objectReference: {fileID: 0}
    - target: {fileID: 2016912808366974973, guid: ea8bf87d977e1e443b33965b21179475,
        type: 3}
      propertyPath: m_LocalEulerAnglesHint.y
      value: 0
      objectReference: {fileID: 0}
    - target: {fileID: 2016912808366974973, guid: ea8bf87d977e1e443b33965b21179475,
        type: 3}
      propertyPath: m_LocalEulerAnglesHint.z
      value: 0
      objectReference: {fileID: 0}
    m_RemovedComponents: []
  m_SourcePrefab: {fileID: 100100000, guid: ea8bf87d977e1e443b33965b21179475, type: 3}
--- !u!4 &193568723 stripped
Transform:
  m_CorrespondingSourceObject: {fileID: 2016912808366974973, guid: ea8bf87d977e1e443b33965b21179475,
    type: 3}
  m_PrefabInstance: {fileID: 193568722}
  m_PrefabAsset: {fileID: 0}
--- !u!1001 &222790752
PrefabInstance:
  m_ObjectHideFlags: 0
  serializedVersion: 2
  m_Modification:
    m_TransformParent: {fileID: 810833977}
    m_Modifications:
    - target: {fileID: 2016912808366974963, guid: ea8bf87d977e1e443b33965b21179475,
        type: 3}
      propertyPath: m_Name
      value: platform (6)
      objectReference: {fileID: 0}
    - target: {fileID: 2016912808366974972, guid: ea8bf87d977e1e443b33965b21179475,
        type: 3}
      propertyPath: m_SortingLayer
      value: 2
      objectReference: {fileID: 0}
    - target: {fileID: 2016912808366974972, guid: ea8bf87d977e1e443b33965b21179475,
        type: 3}
      propertyPath: m_SortingLayerID
      value: -352488269
      objectReference: {fileID: 0}
    - target: {fileID: 2016912808366974973, guid: ea8bf87d977e1e443b33965b21179475,
        type: 3}
      propertyPath: m_RootOrder
      value: 6
      objectReference: {fileID: 0}
    - target: {fileID: 2016912808366974973, guid: ea8bf87d977e1e443b33965b21179475,
        type: 3}
      propertyPath: m_LocalScale.x
      value: 1
      objectReference: {fileID: 0}
    - target: {fileID: 2016912808366974973, guid: ea8bf87d977e1e443b33965b21179475,
        type: 3}
      propertyPath: m_LocalScale.y
      value: 1
      objectReference: {fileID: 0}
    - target: {fileID: 2016912808366974973, guid: ea8bf87d977e1e443b33965b21179475,
        type: 3}
      propertyPath: m_LocalPosition.x
      value: 13
      objectReference: {fileID: 0}
    - target: {fileID: 2016912808366974973, guid: ea8bf87d977e1e443b33965b21179475,
        type: 3}
      propertyPath: m_LocalPosition.y
      value: 59.1
      objectReference: {fileID: 0}
    - target: {fileID: 2016912808366974973, guid: ea8bf87d977e1e443b33965b21179475,
        type: 3}
      propertyPath: m_LocalPosition.z
      value: 0
      objectReference: {fileID: 0}
    - target: {fileID: 2016912808366974973, guid: ea8bf87d977e1e443b33965b21179475,
        type: 3}
      propertyPath: m_LocalRotation.w
      value: 1
      objectReference: {fileID: 0}
    - target: {fileID: 2016912808366974973, guid: ea8bf87d977e1e443b33965b21179475,
        type: 3}
      propertyPath: m_LocalRotation.x
      value: -0
      objectReference: {fileID: 0}
    - target: {fileID: 2016912808366974973, guid: ea8bf87d977e1e443b33965b21179475,
        type: 3}
      propertyPath: m_LocalRotation.y
      value: -0
      objectReference: {fileID: 0}
    - target: {fileID: 2016912808366974973, guid: ea8bf87d977e1e443b33965b21179475,
        type: 3}
      propertyPath: m_LocalRotation.z
      value: -0
      objectReference: {fileID: 0}
    - target: {fileID: 2016912808366974973, guid: ea8bf87d977e1e443b33965b21179475,
        type: 3}
      propertyPath: m_LocalEulerAnglesHint.x
      value: 0
      objectReference: {fileID: 0}
    - target: {fileID: 2016912808366974973, guid: ea8bf87d977e1e443b33965b21179475,
        type: 3}
      propertyPath: m_LocalEulerAnglesHint.y
      value: 0
      objectReference: {fileID: 0}
    - target: {fileID: 2016912808366974973, guid: ea8bf87d977e1e443b33965b21179475,
        type: 3}
      propertyPath: m_LocalEulerAnglesHint.z
      value: 0
      objectReference: {fileID: 0}
    m_RemovedComponents: []
  m_SourcePrefab: {fileID: 100100000, guid: ea8bf87d977e1e443b33965b21179475, type: 3}
--- !u!4 &222790753 stripped
Transform:
  m_CorrespondingSourceObject: {fileID: 2016912808366974973, guid: ea8bf87d977e1e443b33965b21179475,
    type: 3}
  m_PrefabInstance: {fileID: 222790752}
  m_PrefabAsset: {fileID: 0}
--- !u!1001 &241081072
PrefabInstance:
  m_ObjectHideFlags: 0
  serializedVersion: 2
  m_Modification:
    m_TransformParent: {fileID: 810833977}
    m_Modifications:
    - target: {fileID: 2016912808366974963, guid: ea8bf87d977e1e443b33965b21179475,
        type: 3}
      propertyPath: m_Name
      value: platform (2)
      objectReference: {fileID: 0}
    - target: {fileID: 2016912808366974972, guid: ea8bf87d977e1e443b33965b21179475,
        type: 3}
      propertyPath: m_SortingLayer
      value: 2
      objectReference: {fileID: 0}
    - target: {fileID: 2016912808366974972, guid: ea8bf87d977e1e443b33965b21179475,
        type: 3}
      propertyPath: m_SortingLayerID
      value: -352488269
      objectReference: {fileID: 0}
    - target: {fileID: 2016912808366974973, guid: ea8bf87d977e1e443b33965b21179475,
        type: 3}
      propertyPath: m_RootOrder
      value: 2
      objectReference: {fileID: 0}
    - target: {fileID: 2016912808366974973, guid: ea8bf87d977e1e443b33965b21179475,
        type: 3}
      propertyPath: m_LocalPosition.x
      value: 4.8
      objectReference: {fileID: 0}
    - target: {fileID: 2016912808366974973, guid: ea8bf87d977e1e443b33965b21179475,
        type: 3}
      propertyPath: m_LocalPosition.y
      value: -4.1
      objectReference: {fileID: 0}
    - target: {fileID: 2016912808366974973, guid: ea8bf87d977e1e443b33965b21179475,
        type: 3}
      propertyPath: m_LocalPosition.z
      value: 0
      objectReference: {fileID: 0}
    - target: {fileID: 2016912808366974973, guid: ea8bf87d977e1e443b33965b21179475,
        type: 3}
      propertyPath: m_LocalRotation.w
      value: 1
      objectReference: {fileID: 0}
    - target: {fileID: 2016912808366974973, guid: ea8bf87d977e1e443b33965b21179475,
        type: 3}
      propertyPath: m_LocalRotation.x
      value: -0
      objectReference: {fileID: 0}
    - target: {fileID: 2016912808366974973, guid: ea8bf87d977e1e443b33965b21179475,
        type: 3}
      propertyPath: m_LocalRotation.y
      value: -0
      objectReference: {fileID: 0}
    - target: {fileID: 2016912808366974973, guid: ea8bf87d977e1e443b33965b21179475,
        type: 3}
      propertyPath: m_LocalRotation.z
      value: -0
      objectReference: {fileID: 0}
    - target: {fileID: 2016912808366974973, guid: ea8bf87d977e1e443b33965b21179475,
        type: 3}
      propertyPath: m_LocalEulerAnglesHint.x
      value: 0
      objectReference: {fileID: 0}
    - target: {fileID: 2016912808366974973, guid: ea8bf87d977e1e443b33965b21179475,
        type: 3}
      propertyPath: m_LocalEulerAnglesHint.y
      value: 0
      objectReference: {fileID: 0}
    - target: {fileID: 2016912808366974973, guid: ea8bf87d977e1e443b33965b21179475,
        type: 3}
      propertyPath: m_LocalEulerAnglesHint.z
      value: 0
      objectReference: {fileID: 0}
    m_RemovedComponents: []
  m_SourcePrefab: {fileID: 100100000, guid: ea8bf87d977e1e443b33965b21179475, type: 3}
--- !u!4 &241081073 stripped
Transform:
  m_CorrespondingSourceObject: {fileID: 2016912808366974973, guid: ea8bf87d977e1e443b33965b21179475,
    type: 3}
  m_PrefabInstance: {fileID: 241081072}
  m_PrefabAsset: {fileID: 0}
--- !u!1001 &270124767
PrefabInstance:
  m_ObjectHideFlags: 0
  serializedVersion: 2
  m_Modification:
    m_TransformParent: {fileID: 810833977}
    m_Modifications:
    - target: {fileID: 2016912808366974963, guid: ea8bf87d977e1e443b33965b21179475,
        type: 3}
      propertyPath: m_Name
      value: platform (3)
      objectReference: {fileID: 0}
    - target: {fileID: 2016912808366974972, guid: ea8bf87d977e1e443b33965b21179475,
        type: 3}
      propertyPath: m_SortingLayer
      value: 2
      objectReference: {fileID: 0}
    - target: {fileID: 2016912808366974972, guid: ea8bf87d977e1e443b33965b21179475,
        type: 3}
      propertyPath: m_SortingLayerID
      value: -352488269
      objectReference: {fileID: 0}
    - target: {fileID: 2016912808366974973, guid: ea8bf87d977e1e443b33965b21179475,
        type: 3}
      propertyPath: m_RootOrder
      value: 3
      objectReference: {fileID: 0}
    - target: {fileID: 2016912808366974973, guid: ea8bf87d977e1e443b33965b21179475,
        type: 3}
      propertyPath: m_LocalPosition.x
      value: 2.7
      objectReference: {fileID: 0}
    - target: {fileID: 2016912808366974973, guid: ea8bf87d977e1e443b33965b21179475,
        type: 3}
      propertyPath: m_LocalPosition.y
      value: 3
      objectReference: {fileID: 0}
    - target: {fileID: 2016912808366974973, guid: ea8bf87d977e1e443b33965b21179475,
        type: 3}
      propertyPath: m_LocalPosition.z
      value: 0
      objectReference: {fileID: 0}
    - target: {fileID: 2016912808366974973, guid: ea8bf87d977e1e443b33965b21179475,
        type: 3}
      propertyPath: m_LocalRotation.w
      value: 1
      objectReference: {fileID: 0}
    - target: {fileID: 2016912808366974973, guid: ea8bf87d977e1e443b33965b21179475,
        type: 3}
      propertyPath: m_LocalRotation.x
      value: -0
      objectReference: {fileID: 0}
    - target: {fileID: 2016912808366974973, guid: ea8bf87d977e1e443b33965b21179475,
        type: 3}
      propertyPath: m_LocalRotation.y
      value: -0
      objectReference: {fileID: 0}
    - target: {fileID: 2016912808366974973, guid: ea8bf87d977e1e443b33965b21179475,
        type: 3}
      propertyPath: m_LocalRotation.z
      value: -0
      objectReference: {fileID: 0}
    - target: {fileID: 2016912808366974973, guid: ea8bf87d977e1e443b33965b21179475,
        type: 3}
      propertyPath: m_LocalEulerAnglesHint.x
      value: 0
      objectReference: {fileID: 0}
    - target: {fileID: 2016912808366974973, guid: ea8bf87d977e1e443b33965b21179475,
        type: 3}
      propertyPath: m_LocalEulerAnglesHint.y
      value: 0
      objectReference: {fileID: 0}
    - target: {fileID: 2016912808366974973, guid: ea8bf87d977e1e443b33965b21179475,
        type: 3}
      propertyPath: m_LocalEulerAnglesHint.z
      value: 0
      objectReference: {fileID: 0}
    m_RemovedComponents: []
  m_SourcePrefab: {fileID: 100100000, guid: ea8bf87d977e1e443b33965b21179475, type: 3}
--- !u!4 &270124768 stripped
Transform:
  m_CorrespondingSourceObject: {fileID: 2016912808366974973, guid: ea8bf87d977e1e443b33965b21179475,
    type: 3}
  m_PrefabInstance: {fileID: 270124767}
  m_PrefabAsset: {fileID: 0}
--- !u!1001 &283163163
PrefabInstance:
  m_ObjectHideFlags: 0
  serializedVersion: 2
  m_Modification:
    m_TransformParent: {fileID: 810833977}
    m_Modifications:
    - target: {fileID: 2016912808366974963, guid: ea8bf87d977e1e443b33965b21179475,
        type: 3}
      propertyPath: m_Name
      value: platform (18)
      objectReference: {fileID: 0}
    - target: {fileID: 2016912808366974972, guid: ea8bf87d977e1e443b33965b21179475,
        type: 3}
      propertyPath: m_SortingLayer
      value: 2
      objectReference: {fileID: 0}
    - target: {fileID: 2016912808366974972, guid: ea8bf87d977e1e443b33965b21179475,
        type: 3}
      propertyPath: m_SortingLayerID
      value: -352488269
      objectReference: {fileID: 0}
    - target: {fileID: 2016912808366974973, guid: ea8bf87d977e1e443b33965b21179475,
        type: 3}
      propertyPath: m_RootOrder
      value: 18
      objectReference: {fileID: 0}
    - target: {fileID: 2016912808366974973, guid: ea8bf87d977e1e443b33965b21179475,
        type: 3}
      propertyPath: m_LocalScale.x
      value: 1
      objectReference: {fileID: 0}
    - target: {fileID: 2016912808366974973, guid: ea8bf87d977e1e443b33965b21179475,
        type: 3}
      propertyPath: m_LocalScale.y
      value: 1
      objectReference: {fileID: 0}
    - target: {fileID: 2016912808366974973, guid: ea8bf87d977e1e443b33965b21179475,
        type: 3}
      propertyPath: m_LocalPosition.x
      value: 17.7
      objectReference: {fileID: 0}
    - target: {fileID: 2016912808366974973, guid: ea8bf87d977e1e443b33965b21179475,
        type: 3}
      propertyPath: m_LocalPosition.y
      value: 176.7
      objectReference: {fileID: 0}
    - target: {fileID: 2016912808366974973, guid: ea8bf87d977e1e443b33965b21179475,
        type: 3}
      propertyPath: m_LocalPosition.z
      value: 0
      objectReference: {fileID: 0}
    - target: {fileID: 2016912808366974973, guid: ea8bf87d977e1e443b33965b21179475,
        type: 3}
      propertyPath: m_LocalRotation.w
      value: 1
      objectReference: {fileID: 0}
    - target: {fileID: 2016912808366974973, guid: ea8bf87d977e1e443b33965b21179475,
        type: 3}
      propertyPath: m_LocalRotation.x
      value: -0
      objectReference: {fileID: 0}
    - target: {fileID: 2016912808366974973, guid: ea8bf87d977e1e443b33965b21179475,
        type: 3}
      propertyPath: m_LocalRotation.y
      value: -0
      objectReference: {fileID: 0}
    - target: {fileID: 2016912808366974973, guid: ea8bf87d977e1e443b33965b21179475,
        type: 3}
      propertyPath: m_LocalRotation.z
      value: -0
      objectReference: {fileID: 0}
    - target: {fileID: 2016912808366974973, guid: ea8bf87d977e1e443b33965b21179475,
        type: 3}
      propertyPath: m_LocalEulerAnglesHint.x
      value: 0
      objectReference: {fileID: 0}
    - target: {fileID: 2016912808366974973, guid: ea8bf87d977e1e443b33965b21179475,
        type: 3}
      propertyPath: m_LocalEulerAnglesHint.y
      value: 0
      objectReference: {fileID: 0}
    - target: {fileID: 2016912808366974973, guid: ea8bf87d977e1e443b33965b21179475,
        type: 3}
      propertyPath: m_LocalEulerAnglesHint.z
      value: 0
      objectReference: {fileID: 0}
    m_RemovedComponents: []
  m_SourcePrefab: {fileID: 100100000, guid: ea8bf87d977e1e443b33965b21179475, type: 3}
--- !u!4 &283163164 stripped
Transform:
  m_CorrespondingSourceObject: {fileID: 2016912808366974973, guid: ea8bf87d977e1e443b33965b21179475,
    type: 3}
  m_PrefabInstance: {fileID: 283163163}
  m_PrefabAsset: {fileID: 0}
--- !u!1 &369936273
GameObject:
  m_ObjectHideFlags: 0
  m_CorrespondingSourceObject: {fileID: 0}
  m_PrefabInstance: {fileID: 0}
  m_PrefabAsset: {fileID: 0}
  serializedVersion: 6
  m_Component:
  - component: {fileID: 369936275}
  - component: {fileID: 369936274}
  m_Layer: 0
  m_Name: Background
  m_TagString: Untagged
  m_Icon: {fileID: 0}
  m_NavMeshLayer: 0
  m_StaticEditorFlags: 0
  m_IsActive: 0
--- !u!212 &369936274
SpriteRenderer:
  m_ObjectHideFlags: 0
  m_CorrespondingSourceObject: {fileID: 0}
  m_PrefabInstance: {fileID: 0}
  m_PrefabAsset: {fileID: 0}
  m_GameObject: {fileID: 369936273}
  m_Enabled: 1
  m_CastShadows: 0
  m_ReceiveShadows: 0
  m_DynamicOccludee: 1
  m_MotionVectors: 1
  m_LightProbeUsage: 1
  m_ReflectionProbeUsage: 1
  m_RayTracingMode: 0
  m_RayTraceProcedural: 0
  m_RenderingLayerMask: 1
  m_RendererPriority: 0
  m_Materials:
  - {fileID: 10754, guid: 0000000000000000f000000000000000, type: 0}
  m_StaticBatchInfo:
    firstSubMesh: 0
    subMeshCount: 0
  m_StaticBatchRoot: {fileID: 0}
  m_ProbeAnchor: {fileID: 0}
  m_LightProbeVolumeOverride: {fileID: 0}
  m_ScaleInLightmap: 1
  m_ReceiveGI: 1
  m_PreserveUVs: 0
  m_IgnoreNormalsForChartDetection: 0
  m_ImportantGI: 0
  m_StitchLightmapSeams: 1
  m_SelectedEditorRenderState: 0
  m_MinimumChartSize: 4
  m_AutoUVMaxDistance: 0.5
  m_AutoUVMaxAngle: 89
  m_LightmapParameters: {fileID: 0}
  m_SortingLayerID: -1492173919
  m_SortingLayer: 1
  m_SortingOrder: 0
  m_Sprite: {fileID: 21300000, guid: 1a242f44e755655488bc819ea10575f5, type: 3}
  m_Color: {r: 1, g: 1, b: 1, a: 1}
  m_FlipX: 0
  m_FlipY: 0
  m_DrawMode: 0
  m_Size: {x: 13.5, y: 10.72}
  m_AdaptiveModeThreshold: 0.5
  m_SpriteTileMode: 0
  m_WasSpriteAssigned: 1
  m_MaskInteraction: 0
  m_SpriteSortPoint: 0
--- !u!4 &369936275
Transform:
  m_ObjectHideFlags: 0
  m_CorrespondingSourceObject: {fileID: 0}
  m_PrefabInstance: {fileID: 0}
  m_PrefabAsset: {fileID: 0}
  m_GameObject: {fileID: 369936273}
  m_LocalRotation: {x: 0, y: 0, z: 0, w: 1}
  m_LocalPosition: {x: 0, y: 0, z: 0}
  m_LocalScale: {x: 1, y: 1, z: 1}
  m_Children: []
  m_Father: {fileID: 0}
  m_RootOrder: 2
  m_LocalEulerAnglesHint: {x: 0, y: 0, z: 0}
--- !u!1 &519420028
GameObject:
  m_ObjectHideFlags: 0
  m_CorrespondingSourceObject: {fileID: 0}
  m_PrefabInstance: {fileID: 0}
  m_PrefabAsset: {fileID: 0}
  serializedVersion: 6
  m_Component:
  - component: {fileID: 519420032}
  - component: {fileID: 519420031}
  - component: {fileID: 519420029}
  m_Layer: 0
  m_Name: Main Camera
  m_TagString: MainCamera
  m_Icon: {fileID: 0}
  m_NavMeshLayer: 0
  m_StaticEditorFlags: 0
  m_IsActive: 1
--- !u!81 &519420029
AudioListener:
  m_ObjectHideFlags: 0
  m_CorrespondingSourceObject: {fileID: 0}
  m_PrefabInstance: {fileID: 0}
  m_PrefabAsset: {fileID: 0}
  m_GameObject: {fileID: 519420028}
  m_Enabled: 1
--- !u!20 &519420031
Camera:
  m_ObjectHideFlags: 0
  m_CorrespondingSourceObject: {fileID: 0}
  m_PrefabInstance: {fileID: 0}
  m_PrefabAsset: {fileID: 0}
  m_GameObject: {fileID: 519420028}
  m_Enabled: 1
  serializedVersion: 2
  m_ClearFlags: 2
  m_BackGroundColor: {r: 0.19215687, g: 0.3019608, b: 0.4745098, a: 0}
  m_projectionMatrixMode: 1
  m_GateFitMode: 2
  m_FOVAxisMode: 0
  m_SensorSize: {x: 36, y: 24}
  m_LensShift: {x: 0, y: 0}
  m_FocalLength: 50
  m_NormalizedViewPortRect:
    serializedVersion: 2
    x: 0
    y: 0
    width: 1
    height: 1
  near clip plane: 0.3
  far clip plane: 1000
  field of view: 60
  orthographic: 1
  orthographic size: 5
  m_Depth: -1
  m_CullingMask:
    serializedVersion: 2
    m_Bits: 4294967295
  m_RenderingPath: -1
  m_TargetTexture: {fileID: 0}
  m_TargetDisplay: 0
  m_TargetEye: 0
  m_HDR: 1
  m_AllowMSAA: 0
  m_AllowDynamicResolution: 0
  m_ForceIntoRT: 0
  m_OcclusionCulling: 0
  m_StereoConvergence: 10
  m_StereoSeparation: 0.022
--- !u!4 &519420032
Transform:
  m_ObjectHideFlags: 0
  m_CorrespondingSourceObject: {fileID: 0}
  m_PrefabInstance: {fileID: 0}
  m_PrefabAsset: {fileID: 0}
  m_GameObject: {fileID: 519420028}
  m_LocalRotation: {x: 0, y: 0, z: 0, w: 1}
  m_LocalPosition: {x: 0, y: 0, z: -10}
  m_LocalScale: {x: 1, y: 1, z: 1}
  m_Children: []
  m_Father: {fileID: 0}
  m_RootOrder: 0
  m_LocalEulerAnglesHint: {x: 0, y: 0, z: 0}
--- !u!1001 &525240420
PrefabInstance:
  m_ObjectHideFlags: 0
  serializedVersion: 2
  m_Modification:
    m_TransformParent: {fileID: 810833977}
    m_Modifications:
    - target: {fileID: 2016912808366974963, guid: ea8bf87d977e1e443b33965b21179475,
        type: 3}
      propertyPath: m_Name
      value: platform (11)
      objectReference: {fileID: 0}
    - target: {fileID: 2016912808366974972, guid: ea8bf87d977e1e443b33965b21179475,
        type: 3}
      propertyPath: m_SortingLayer
      value: 2
      objectReference: {fileID: 0}
    - target: {fileID: 2016912808366974972, guid: ea8bf87d977e1e443b33965b21179475,
        type: 3}
      propertyPath: m_SortingLayerID
      value: -352488269
      objectReference: {fileID: 0}
    - target: {fileID: 2016912808366974973, guid: ea8bf87d977e1e443b33965b21179475,
        type: 3}
      propertyPath: m_RootOrder
      value: 11
      objectReference: {fileID: 0}
    - target: {fileID: 2016912808366974973, guid: ea8bf87d977e1e443b33965b21179475,
        type: 3}
      propertyPath: m_LocalScale.x
      value: 1
      objectReference: {fileID: 0}
    - target: {fileID: 2016912808366974973, guid: ea8bf87d977e1e443b33965b21179475,
        type: 3}
      propertyPath: m_LocalScale.y
      value: 1
      objectReference: {fileID: 0}
    - target: {fileID: 2016912808366974973, guid: ea8bf87d977e1e443b33965b21179475,
        type: 3}
      propertyPath: m_LocalPosition.x
      value: 16.6
      objectReference: {fileID: 0}
    - target: {fileID: 2016912808366974973, guid: ea8bf87d977e1e443b33965b21179475,
        type: 3}
      propertyPath: m_LocalPosition.y
      value: 113.4
      objectReference: {fileID: 0}
    - target: {fileID: 2016912808366974973, guid: ea8bf87d977e1e443b33965b21179475,
        type: 3}
      propertyPath: m_LocalPosition.z
      value: 0
      objectReference: {fileID: 0}
    - target: {fileID: 2016912808366974973, guid: ea8bf87d977e1e443b33965b21179475,
        type: 3}
      propertyPath: m_LocalRotation.w
      value: 1
      objectReference: {fileID: 0}
    - target: {fileID: 2016912808366974973, guid: ea8bf87d977e1e443b33965b21179475,
        type: 3}
      propertyPath: m_LocalRotation.x
      value: -0
      objectReference: {fileID: 0}
    - target: {fileID: 2016912808366974973, guid: ea8bf87d977e1e443b33965b21179475,
        type: 3}
      propertyPath: m_LocalRotation.y
      value: -0
      objectReference: {fileID: 0}
    - target: {fileID: 2016912808366974973, guid: ea8bf87d977e1e443b33965b21179475,
        type: 3}
      propertyPath: m_LocalRotation.z
      value: -0
      objectReference: {fileID: 0}
    - target: {fileID: 2016912808366974973, guid: ea8bf87d977e1e443b33965b21179475,
        type: 3}
      propertyPath: m_LocalEulerAnglesHint.x
      value: 0
      objectReference: {fileID: 0}
    - target: {fileID: 2016912808366974973, guid: ea8bf87d977e1e443b33965b21179475,
        type: 3}
      propertyPath: m_LocalEulerAnglesHint.y
      value: 0
      objectReference: {fileID: 0}
    - target: {fileID: 2016912808366974973, guid: ea8bf87d977e1e443b33965b21179475,
        type: 3}
      propertyPath: m_LocalEulerAnglesHint.z
      value: 0
      objectReference: {fileID: 0}
    m_RemovedComponents: []
  m_SourcePrefab: {fileID: 100100000, guid: ea8bf87d977e1e443b33965b21179475, type: 3}
--- !u!4 &525240421 stripped
Transform:
  m_CorrespondingSourceObject: {fileID: 2016912808366974973, guid: ea8bf87d977e1e443b33965b21179475,
    type: 3}
  m_PrefabInstance: {fileID: 525240420}
  m_PrefabAsset: {fileID: 0}
--- !u!1001 &685107219
PrefabInstance:
  m_ObjectHideFlags: 0
  serializedVersion: 2
  m_Modification:
    m_TransformParent: {fileID: 810833977}
    m_Modifications:
    - target: {fileID: 2016912808366974963, guid: ea8bf87d977e1e443b33965b21179475,
        type: 3}
      propertyPath: m_Name
      value: platform (22)
      objectReference: {fileID: 0}
    - target: {fileID: 2016912808366974972, guid: ea8bf87d977e1e443b33965b21179475,
        type: 3}
      propertyPath: m_SortingLayer
      value: 2
      objectReference: {fileID: 0}
    - target: {fileID: 2016912808366974972, guid: ea8bf87d977e1e443b33965b21179475,
        type: 3}
      propertyPath: m_SortingLayerID
      value: -352488269
      objectReference: {fileID: 0}
    - target: {fileID: 2016912808366974973, guid: ea8bf87d977e1e443b33965b21179475,
        type: 3}
      propertyPath: m_RootOrder
      value: 22
      objectReference: {fileID: 0}
    - target: {fileID: 2016912808366974973, guid: ea8bf87d977e1e443b33965b21179475,
        type: 3}
      propertyPath: m_LocalScale.x
      value: 1
      objectReference: {fileID: 0}
    - target: {fileID: 2016912808366974973, guid: ea8bf87d977e1e443b33965b21179475,
        type: 3}
      propertyPath: m_LocalScale.y
      value: 1
      objectReference: {fileID: 0}
    - target: {fileID: 2016912808366974973, guid: ea8bf87d977e1e443b33965b21179475,
        type: 3}
      propertyPath: m_LocalPosition.x
      value: 2.7
      objectReference: {fileID: 0}
    - target: {fileID: 2016912808366974973, guid: ea8bf87d977e1e443b33965b21179475,
        type: 3}
      propertyPath: m_LocalPosition.y
      value: 68.8
      objectReference: {fileID: 0}
    - target: {fileID: 2016912808366974973, guid: ea8bf87d977e1e443b33965b21179475,
        type: 3}
      propertyPath: m_LocalPosition.z
      value: 0
      objectReference: {fileID: 0}
    - target: {fileID: 2016912808366974973, guid: ea8bf87d977e1e443b33965b21179475,
        type: 3}
      propertyPath: m_LocalRotation.w
      value: 1
      objectReference: {fileID: 0}
    - target: {fileID: 2016912808366974973, guid: ea8bf87d977e1e443b33965b21179475,
        type: 3}
      propertyPath: m_LocalRotation.x
      value: -0
      objectReference: {fileID: 0}
    - target: {fileID: 2016912808366974973, guid: ea8bf87d977e1e443b33965b21179475,
        type: 3}
      propertyPath: m_LocalRotation.y
      value: -0
      objectReference: {fileID: 0}
    - target: {fileID: 2016912808366974973, guid: ea8bf87d977e1e443b33965b21179475,
        type: 3}
      propertyPath: m_LocalRotation.z
      value: -0
      objectReference: {fileID: 0}
    - target: {fileID: 2016912808366974973, guid: ea8bf87d977e1e443b33965b21179475,
        type: 3}
      propertyPath: m_LocalEulerAnglesHint.x
      value: 0
      objectReference: {fileID: 0}
    - target: {fileID: 2016912808366974973, guid: ea8bf87d977e1e443b33965b21179475,
        type: 3}
      propertyPath: m_LocalEulerAnglesHint.y
      value: 0
      objectReference: {fileID: 0}
    - target: {fileID: 2016912808366974973, guid: ea8bf87d977e1e443b33965b21179475,
        type: 3}
      propertyPath: m_LocalEulerAnglesHint.z
      value: 0
      objectReference: {fileID: 0}
    m_RemovedComponents: []
  m_SourcePrefab: {fileID: 100100000, guid: ea8bf87d977e1e443b33965b21179475, type: 3}
--- !u!4 &685107220 stripped
Transform:
  m_CorrespondingSourceObject: {fileID: 2016912808366974973, guid: ea8bf87d977e1e443b33965b21179475,
    type: 3}
  m_PrefabInstance: {fileID: 685107219}
  m_PrefabAsset: {fileID: 0}
--- !u!1001 &809588668
PrefabInstance:
  m_ObjectHideFlags: 0
  serializedVersion: 2
  m_Modification:
    m_TransformParent: {fileID: 810833977}
    m_Modifications:
    - target: {fileID: 2016912808366974963, guid: ea8bf87d977e1e443b33965b21179475,
        type: 3}
      propertyPath: m_Name
      value: platform (1)
      objectReference: {fileID: 0}
    - target: {fileID: 2016912808366974972, guid: ea8bf87d977e1e443b33965b21179475,
        type: 3}
      propertyPath: m_SortingLayer
      value: 2
      objectReference: {fileID: 0}
    - target: {fileID: 2016912808366974972, guid: ea8bf87d977e1e443b33965b21179475,
        type: 3}
      propertyPath: m_SortingLayerID
      value: -352488269
      objectReference: {fileID: 0}
    - target: {fileID: 2016912808366974973, guid: ea8bf87d977e1e443b33965b21179475,
        type: 3}
      propertyPath: m_RootOrder
      value: 1
      objectReference: {fileID: 0}
    - target: {fileID: 2016912808366974973, guid: ea8bf87d977e1e443b33965b21179475,
        type: 3}
      propertyPath: m_LocalPosition.x
      value: -6.3
      objectReference: {fileID: 0}
    - target: {fileID: 2016912808366974973, guid: ea8bf87d977e1e443b33965b21179475,
        type: 3}
      propertyPath: m_LocalPosition.y
      value: -2.7
      objectReference: {fileID: 0}
    - target: {fileID: 2016912808366974973, guid: ea8bf87d977e1e443b33965b21179475,
        type: 3}
      propertyPath: m_LocalPosition.z
      value: 0
      objectReference: {fileID: 0}
    - target: {fileID: 2016912808366974973, guid: ea8bf87d977e1e443b33965b21179475,
        type: 3}
      propertyPath: m_LocalRotation.w
      value: 1
      objectReference: {fileID: 0}
    - target: {fileID: 2016912808366974973, guid: ea8bf87d977e1e443b33965b21179475,
        type: 3}
      propertyPath: m_LocalRotation.x
      value: -0
      objectReference: {fileID: 0}
    - target: {fileID: 2016912808366974973, guid: ea8bf87d977e1e443b33965b21179475,
        type: 3}
      propertyPath: m_LocalRotation.y
      value: -0
      objectReference: {fileID: 0}
    - target: {fileID: 2016912808366974973, guid: ea8bf87d977e1e443b33965b21179475,
        type: 3}
      propertyPath: m_LocalRotation.z
      value: -0
      objectReference: {fileID: 0}
    - target: {fileID: 2016912808366974973, guid: ea8bf87d977e1e443b33965b21179475,
        type: 3}
      propertyPath: m_LocalEulerAnglesHint.x
      value: 0
      objectReference: {fileID: 0}
    - target: {fileID: 2016912808366974973, guid: ea8bf87d977e1e443b33965b21179475,
        type: 3}
      propertyPath: m_LocalEulerAnglesHint.y
      value: 0
      objectReference: {fileID: 0}
    - target: {fileID: 2016912808366974973, guid: ea8bf87d977e1e443b33965b21179475,
        type: 3}
      propertyPath: m_LocalEulerAnglesHint.z
      value: 0
      objectReference: {fileID: 0}
    m_RemovedComponents: []
  m_SourcePrefab: {fileID: 100100000, guid: ea8bf87d977e1e443b33965b21179475, type: 3}
--- !u!4 &809588669 stripped
Transform:
  m_CorrespondingSourceObject: {fileID: 2016912808366974973, guid: ea8bf87d977e1e443b33965b21179475,
    type: 3}
  m_PrefabInstance: {fileID: 809588668}
  m_PrefabAsset: {fileID: 0}
--- !u!1 &810833976
GameObject:
  m_ObjectHideFlags: 0
  m_CorrespondingSourceObject: {fileID: 0}
  m_PrefabInstance: {fileID: 0}
  m_PrefabAsset: {fileID: 0}
  serializedVersion: 6
  m_Component:
  - component: {fileID: 810833977}
  m_Layer: 0
  m_Name: Platforms
  m_TagString: Untagged
  m_Icon: {fileID: 0}
  m_NavMeshLayer: 0
  m_StaticEditorFlags: 0
  m_IsActive: 1
--- !u!4 &810833977
Transform:
  m_ObjectHideFlags: 0
  m_CorrespondingSourceObject: {fileID: 0}
  m_PrefabInstance: {fileID: 0}
  m_PrefabAsset: {fileID: 0}
  m_GameObject: {fileID: 810833976}
  m_LocalRotation: {x: 0, y: 0, z: 0, w: 1}
  m_LocalPosition: {x: 0, y: 0, z: 0}
  m_LocalScale: {x: 1, y: 1, z: 1}
  m_Children:
  - {fileID: 2016912808375007413}
  - {fileID: 809588669}
  - {fileID: 241081073}
  - {fileID: 270124768}
  - {fileID: 973127654}
  - {fileID: 2121856059}
  - {fileID: 222790753}
  - {fileID: 1426899358}
  - {fileID: 193568723}
  - {fileID: 2016293147}
  - {fileID: 2108284158}
  - {fileID: 525240421}
  - {fileID: 1973533464}
  - {fileID: 2002710996}
  - {fileID: 1572241865}
  - {fileID: 1652346020}
  - {fileID: 1443360865}
  - {fileID: 1687479632}
  - {fileID: 283163164}
  - {fileID: 496452}
  - {fileID: 1227462993}
  - {fileID: 1856493671}
  - {fileID: 685107220}
  m_Father: {fileID: 0}
  m_RootOrder: 1
  m_LocalEulerAnglesHint: {x: 0, y: 0, z: 0}
--- !u!1001 &973127653
PrefabInstance:
  m_ObjectHideFlags: 0
  serializedVersion: 2
  m_Modification:
    m_TransformParent: {fileID: 810833977}
    m_Modifications:
    - target: {fileID: 2016912808366974963, guid: ea8bf87d977e1e443b33965b21179475,
        type: 3}
      propertyPath: m_Name
      value: platform (4)
      objectReference: {fileID: 0}
    - target: {fileID: 2016912808366974972, guid: ea8bf87d977e1e443b33965b21179475,
        type: 3}
      propertyPath: m_SortingLayer
      value: 2
      objectReference: {fileID: 0}
    - target: {fileID: 2016912808366974972, guid: ea8bf87d977e1e443b33965b21179475,
        type: 3}
      propertyPath: m_SortingLayerID
      value: -352488269
      objectReference: {fileID: 0}
    - target: {fileID: 2016912808366974973, guid: ea8bf87d977e1e443b33965b21179475,
        type: 3}
      propertyPath: m_RootOrder
      value: 4
      objectReference: {fileID: 0}
    - target: {fileID: 2016912808366974973, guid: ea8bf87d977e1e443b33965b21179475,
        type: 3}
      propertyPath: m_LocalPosition.x
      value: 12
      objectReference: {fileID: 0}
    - target: {fileID: 2016912808366974973, guid: ea8bf87d977e1e443b33965b21179475,
        type: 3}
      propertyPath: m_LocalPosition.y
      value: 40.5
      objectReference: {fileID: 0}
    - target: {fileID: 2016912808366974973, guid: ea8bf87d977e1e443b33965b21179475,
        type: 3}
      propertyPath: m_LocalPosition.z
      value: 0
      objectReference: {fileID: 0}
    - target: {fileID: 2016912808366974973, guid: ea8bf87d977e1e443b33965b21179475,
        type: 3}
      propertyPath: m_LocalRotation.w
      value: 1
      objectReference: {fileID: 0}
    - target: {fileID: 2016912808366974973, guid: ea8bf87d977e1e443b33965b21179475,
        type: 3}
      propertyPath: m_LocalRotation.x
      value: -0
      objectReference: {fileID: 0}
    - target: {fileID: 2016912808366974973, guid: ea8bf87d977e1e443b33965b21179475,
        type: 3}
      propertyPath: m_LocalRotation.y
      value: -0
      objectReference: {fileID: 0}
    - target: {fileID: 2016912808366974973, guid: ea8bf87d977e1e443b33965b21179475,
        type: 3}
      propertyPath: m_LocalRotation.z
      value: -0
      objectReference: {fileID: 0}
    - target: {fileID: 2016912808366974973, guid: ea8bf87d977e1e443b33965b21179475,
        type: 3}
      propertyPath: m_LocalEulerAnglesHint.x
      value: 0
      objectReference: {fileID: 0}
    - target: {fileID: 2016912808366974973, guid: ea8bf87d977e1e443b33965b21179475,
        type: 3}
      propertyPath: m_LocalEulerAnglesHint.y
      value: 0
      objectReference: {fileID: 0}
    - target: {fileID: 2016912808366974973, guid: ea8bf87d977e1e443b33965b21179475,
        type: 3}
      propertyPath: m_LocalEulerAnglesHint.z
      value: 0
      objectReference: {fileID: 0}
    m_RemovedComponents: []
  m_SourcePrefab: {fileID: 100100000, guid: ea8bf87d977e1e443b33965b21179475, type: 3}
--- !u!4 &973127654 stripped
Transform:
  m_CorrespondingSourceObject: {fileID: 2016912808366974973, guid: ea8bf87d977e1e443b33965b21179475,
    type: 3}
  m_PrefabInstance: {fileID: 973127653}
  m_PrefabAsset: {fileID: 0}
--- !u!1 &1044714582
GameObject:
  m_ObjectHideFlags: 0
  m_CorrespondingSourceObject: {fileID: 0}
  m_PrefabInstance: {fileID: 0}
  m_PrefabAsset: {fileID: 0}
  serializedVersion: 6
  m_Component:
  - component: {fileID: 1044714584}
  - component: {fileID: 1044714583}
  - component: {fileID: 1044714587}
  - component: {fileID: 1044714586}
  - component: {fileID: 1044714585}
  m_Layer: 0
  m_Name: playerFon
  m_TagString: Untagged
  m_Icon: {fileID: 0}
  m_NavMeshLayer: 0
  m_StaticEditorFlags: 0
  m_IsActive: 1
--- !u!212 &1044714583
SpriteRenderer:
  m_ObjectHideFlags: 0
  m_CorrespondingSourceObject: {fileID: 0}
  m_PrefabInstance: {fileID: 0}
  m_PrefabAsset: {fileID: 0}
  m_GameObject: {fileID: 1044714582}
  m_Enabled: 1
  m_CastShadows: 0
  m_ReceiveShadows: 0
  m_DynamicOccludee: 1
  m_MotionVectors: 1
  m_LightProbeUsage: 1
  m_ReflectionProbeUsage: 1
  m_RayTracingMode: 0
  m_RayTraceProcedural: 0
  m_RenderingLayerMask: 1
  m_RendererPriority: 0
  m_Materials:
  - {fileID: 10754, guid: 0000000000000000f000000000000000, type: 0}
  m_StaticBatchInfo:
    firstSubMesh: 0
    subMeshCount: 0
  m_StaticBatchRoot: {fileID: 0}
  m_ProbeAnchor: {fileID: 0}
  m_LightProbeVolumeOverride: {fileID: 0}
  m_ScaleInLightmap: 1
  m_ReceiveGI: 1
  m_PreserveUVs: 0
  m_IgnoreNormalsForChartDetection: 0
  m_ImportantGI: 0
  m_StitchLightmapSeams: 1
  m_SelectedEditorRenderState: 0
  m_MinimumChartSize: 4
  m_AutoUVMaxDistance: 0.5
  m_AutoUVMaxAngle: 89
  m_LightmapParameters: {fileID: 0}
  m_SortingLayerID: 199703219
  m_SortingLayer: 3
  m_SortingOrder: 0
  m_Sprite: {fileID: 21300000, guid: 015c9ccbd25c9324a9bb958df2b3b13b, type: 3}
  m_Color: {r: 1, g: 1, b: 1, a: 1}
  m_FlipX: 0
  m_FlipY: 0
  m_DrawMode: 0
  m_Size: {x: 8.62, y: 3.6}
  m_AdaptiveModeThreshold: 0.5
  m_SpriteTileMode: 0
  m_WasSpriteAssigned: 1
  m_MaskInteraction: 0
  m_SpriteSortPoint: 0
--- !u!4 &1044714584
Transform:
  m_ObjectHideFlags: 0
  m_CorrespondingSourceObject: {fileID: 0}
  m_PrefabInstance: {fileID: 0}
  m_PrefabAsset: {fileID: 0}
  m_GameObject: {fileID: 1044714582}
  m_LocalRotation: {x: 0, y: 0, z: 0, w: 1}
  m_LocalPosition: {x: -0.8187, y: 2.0319, z: 0}
  m_LocalScale: {x: 0.9817, y: 1.0656, z: 1}
  m_Children: []
  m_Father: {fileID: 0}
  m_RootOrder: 3
  m_LocalEulerAnglesHint: {x: 0, y: 0, z: 0}
--- !u!114 &1044714585
MonoBehaviour:
  m_ObjectHideFlags: 0
  m_CorrespondingSourceObject: {fileID: 0}
  m_PrefabInstance: {fileID: 0}
  m_PrefabAsset: {fileID: 0}
  m_GameObject: {fileID: 1044714582}
  m_Enabled: 1
  m_EditorHideFlags: 0
  m_Script: {fileID: 11500000, guid: cbde138f83b99a44289f3f5ad18e5940, type: 3}
  m_Name: 
  m_EditorClassIdentifier: 
--- !u!50 &1044714586
Rigidbody2D:
  serializedVersion: 4
  m_ObjectHideFlags: 0
  m_CorrespondingSourceObject: {fileID: 0}
  m_PrefabInstance: {fileID: 0}
  m_PrefabAsset: {fileID: 0}
  m_GameObject: {fileID: 1044714582}
  m_BodyType: 0
  m_Simulated: 1
  m_UseFullKinematicContacts: 0
  m_UseAutoMass: 0
  m_Mass: 1
  m_LinearDrag: 0
  m_AngularDrag: 0.05
  m_GravityScale: 1
  m_Material: {fileID: 0}
  m_Interpolate: 0
  m_SleepingMode: 1
  m_CollisionDetection: 0
  m_Constraints: 0
--- !u!61 &1044714587
BoxCollider2D:
  m_ObjectHideFlags: 0
  m_CorrespondingSourceObject: {fileID: 0}
  m_PrefabInstance: {fileID: 0}
  m_PrefabAsset: {fileID: 0}
  m_GameObject: {fileID: 1044714582}
  m_Enabled: 1
  m_Density: 1
  m_Material: {fileID: 0}
  m_IsTrigger: 0
  m_UsedByEffector: 0
  m_UsedByComposite: 0
  m_Offset: {x: 0.26126468, y: 0.17039067}
  m_SpriteTilingProperty:
    border: {x: 0, y: 0, z: 0, w: 0}
    pivot: {x: 0.5, y: 0.5}
    oldSize: {x: 8.62, y: 3.6}
    newSize: {x: 8.62, y: 3.6}
    adaptiveTilingThreshold: 0.5
    drawMode: 0
    adaptiveTiling: 0
  m_AutoTiling: 0
  serializedVersion: 2
  m_Size: {x: 1.1001053, y: 2.4867835}
  m_EdgeRadius: 0
--- !u!1001 &1227462992
PrefabInstance:
  m_ObjectHideFlags: 0
  serializedVersion: 2
  m_Modification:
    m_TransformParent: {fileID: 810833977}
    m_Modifications:
    - target: {fileID: 2016912808366974963, guid: ea8bf87d977e1e443b33965b21179475,
        type: 3}
      propertyPath: m_Name
      value: platform (20)
      objectReference: {fileID: 0}
    - target: {fileID: 2016912808366974972, guid: ea8bf87d977e1e443b33965b21179475,
        type: 3}
      propertyPath: m_SortingLayer
      value: 2
      objectReference: {fileID: 0}
    - target: {fileID: 2016912808366974972, guid: ea8bf87d977e1e443b33965b21179475,
        type: 3}
      propertyPath: m_SortingLayerID
      value: -352488269
      objectReference: {fileID: 0}
    - target: {fileID: 2016912808366974973, guid: ea8bf87d977e1e443b33965b21179475,
        type: 3}
      propertyPath: m_RootOrder
      value: 20
      objectReference: {fileID: 0}
    - target: {fileID: 2016912808366974973, guid: ea8bf87d977e1e443b33965b21179475,
        type: 3}
      propertyPath: m_LocalScale.x
      value: 1
      objectReference: {fileID: 0}
    - target: {fileID: 2016912808366974973, guid: ea8bf87d977e1e443b33965b21179475,
        type: 3}
      propertyPath: m_LocalScale.y
      value: 1
      objectReference: {fileID: 0}
    - target: {fileID: 2016912808366974973, guid: ea8bf87d977e1e443b33965b21179475,
        type: 3}
      propertyPath: m_LocalPosition.x
      value: 20.2
      objectReference: {fileID: 0}
    - target: {fileID: 2016912808366974973, guid: ea8bf87d977e1e443b33965b21179475,
        type: 3}
      propertyPath: m_LocalPosition.y
      value: 202.7
      objectReference: {fileID: 0}
    - target: {fileID: 2016912808366974973, guid: ea8bf87d977e1e443b33965b21179475,
        type: 3}
      propertyPath: m_LocalPosition.z
      value: 0
      objectReference: {fileID: 0}
    - target: {fileID: 2016912808366974973, guid: ea8bf87d977e1e443b33965b21179475,
        type: 3}
      propertyPath: m_LocalRotation.w
      value: 1
      objectReference: {fileID: 0}
    - target: {fileID: 2016912808366974973, guid: ea8bf87d977e1e443b33965b21179475,
        type: 3}
      propertyPath: m_LocalRotation.x
      value: -0
      objectReference: {fileID: 0}
    - target: {fileID: 2016912808366974973, guid: ea8bf87d977e1e443b33965b21179475,
        type: 3}
      propertyPath: m_LocalRotation.y
      value: -0
      objectReference: {fileID: 0}
    - target: {fileID: 2016912808366974973, guid: ea8bf87d977e1e443b33965b21179475,
        type: 3}
      propertyPath: m_LocalRotation.z
      value: -0
      objectReference: {fileID: 0}
    - target: {fileID: 2016912808366974973, guid: ea8bf87d977e1e443b33965b21179475,
        type: 3}
      propertyPath: m_LocalEulerAnglesHint.x
      value: 0
      objectReference: {fileID: 0}
    - target: {fileID: 2016912808366974973, guid: ea8bf87d977e1e443b33965b21179475,
        type: 3}
      propertyPath: m_LocalEulerAnglesHint.y
      value: 0
      objectReference: {fileID: 0}
    - target: {fileID: 2016912808366974973, guid: ea8bf87d977e1e443b33965b21179475,
        type: 3}
      propertyPath: m_LocalEulerAnglesHint.z
      value: 0
      objectReference: {fileID: 0}
    m_RemovedComponents: []
  m_SourcePrefab: {fileID: 100100000, guid: ea8bf87d977e1e443b33965b21179475, type: 3}
--- !u!4 &1227462993 stripped
Transform:
  m_CorrespondingSourceObject: {fileID: 2016912808366974973, guid: ea8bf87d977e1e443b33965b21179475,
    type: 3}
  m_PrefabInstance: {fileID: 1227462992}
  m_PrefabAsset: {fileID: 0}
--- !u!1001 &1426899357
PrefabInstance:
  m_ObjectHideFlags: 0
  serializedVersion: 2
  m_Modification:
    m_TransformParent: {fileID: 810833977}
    m_Modifications:
    - target: {fileID: 2016912808366974963, guid: ea8bf87d977e1e443b33965b21179475,
        type: 3}
      propertyPath: m_Name
      value: platform (7)
      objectReference: {fileID: 0}
    - target: {fileID: 2016912808366974972, guid: ea8bf87d977e1e443b33965b21179475,
        type: 3}
      propertyPath: m_SortingLayer
      value: 2
      objectReference: {fileID: 0}
    - target: {fileID: 2016912808366974972, guid: ea8bf87d977e1e443b33965b21179475,
        type: 3}
      propertyPath: m_SortingLayerID
      value: -352488269
      objectReference: {fileID: 0}
    - target: {fileID: 2016912808366974973, guid: ea8bf87d977e1e443b33965b21179475,
        type: 3}
      propertyPath: m_RootOrder
      value: 7
      objectReference: {fileID: 0}
    - target: {fileID: 2016912808366974973, guid: ea8bf87d977e1e443b33965b21179475,
        type: 3}
      propertyPath: m_LocalScale.x
      value: 1
      objectReference: {fileID: 0}
    - target: {fileID: 2016912808366974973, guid: ea8bf87d977e1e443b33965b21179475,
        type: 3}
      propertyPath: m_LocalScale.y
      value: 1
      objectReference: {fileID: 0}
    - target: {fileID: 2016912808366974973, guid: ea8bf87d977e1e443b33965b21179475,
        type: 3}
      propertyPath: m_LocalPosition.x
      value: 13.6
      objectReference: {fileID: 0}
    - target: {fileID: 2016912808366974973, guid: ea8bf87d977e1e443b33965b21179475,
        type: 3}
      propertyPath: m_LocalPosition.y
      value: 70.9
      objectReference: {fileID: 0}
    - target: {fileID: 2016912808366974973, guid: ea8bf87d977e1e443b33965b21179475,
        type: 3}
      propertyPath: m_LocalPosition.z
      value: 0
      objectReference: {fileID: 0}
    - target: {fileID: 2016912808366974973, guid: ea8bf87d977e1e443b33965b21179475,
        type: 3}
      propertyPath: m_LocalRotation.w
      value: 1
      objectReference: {fileID: 0}
    - target: {fileID: 2016912808366974973, guid: ea8bf87d977e1e443b33965b21179475,
        type: 3}
      propertyPath: m_LocalRotation.x
      value: -0
      objectReference: {fileID: 0}
    - target: {fileID: 2016912808366974973, guid: ea8bf87d977e1e443b33965b21179475,
        type: 3}
      propertyPath: m_LocalRotation.y
      value: -0
      objectReference: {fileID: 0}
    - target: {fileID: 2016912808366974973, guid: ea8bf87d977e1e443b33965b21179475,
        type: 3}
      propertyPath: m_LocalRotation.z
      value: -0
      objectReference: {fileID: 0}
    - target: {fileID: 2016912808366974973, guid: ea8bf87d977e1e443b33965b21179475,
        type: 3}
      propertyPath: m_LocalEulerAnglesHint.x
      value: 0
      objectReference: {fileID: 0}
    - target: {fileID: 2016912808366974973, guid: ea8bf87d977e1e443b33965b21179475,
        type: 3}
      propertyPath: m_LocalEulerAnglesHint.y
      value: 0
      objectReference: {fileID: 0}
    - target: {fileID: 2016912808366974973, guid: ea8bf87d977e1e443b33965b21179475,
        type: 3}
      propertyPath: m_LocalEulerAnglesHint.z
      value: 0
      objectReference: {fileID: 0}
    m_RemovedComponents: []
  m_SourcePrefab: {fileID: 100100000, guid: ea8bf87d977e1e443b33965b21179475, type: 3}
--- !u!4 &1426899358 stripped
Transform:
  m_CorrespondingSourceObject: {fileID: 2016912808366974973, guid: ea8bf87d977e1e443b33965b21179475,
    type: 3}
  m_PrefabInstance: {fileID: 1426899357}
  m_PrefabAsset: {fileID: 0}
--- !u!1001 &1443360864
PrefabInstance:
  m_ObjectHideFlags: 0
  serializedVersion: 2
  m_Modification:
    m_TransformParent: {fileID: 810833977}
    m_Modifications:
    - target: {fileID: 2016912808366974963, guid: ea8bf87d977e1e443b33965b21179475,
        type: 3}
      propertyPath: m_Name
      value: platform (16)
      objectReference: {fileID: 0}
    - target: {fileID: 2016912808366974972, guid: ea8bf87d977e1e443b33965b21179475,
        type: 3}
      propertyPath: m_SortingLayer
      value: 2
      objectReference: {fileID: 0}
    - target: {fileID: 2016912808366974972, guid: ea8bf87d977e1e443b33965b21179475,
        type: 3}
      propertyPath: m_SortingLayerID
      value: -352488269
      objectReference: {fileID: 0}
    - target: {fileID: 2016912808366974973, guid: ea8bf87d977e1e443b33965b21179475,
        type: 3}
      propertyPath: m_RootOrder
      value: 16
      objectReference: {fileID: 0}
    - target: {fileID: 2016912808366974973, guid: ea8bf87d977e1e443b33965b21179475,
        type: 3}
      propertyPath: m_LocalScale.x
      value: 1
      objectReference: {fileID: 0}
    - target: {fileID: 2016912808366974973, guid: ea8bf87d977e1e443b33965b21179475,
        type: 3}
      propertyPath: m_LocalScale.y
      value: 1
      objectReference: {fileID: 0}
    - target: {fileID: 2016912808366974973, guid: ea8bf87d977e1e443b33965b21179475,
        type: 3}
      propertyPath: m_LocalPosition.x
      value: 21.9
      objectReference: {fileID: 0}
    - target: {fileID: 2016912808366974973, guid: ea8bf87d977e1e443b33965b21179475,
        type: 3}
      propertyPath: m_LocalPosition.y
      value: 152.3
      objectReference: {fileID: 0}
    - target: {fileID: 2016912808366974973, guid: ea8bf87d977e1e443b33965b21179475,
        type: 3}
      propertyPath: m_LocalPosition.z
      value: 0
      objectReference: {fileID: 0}
    - target: {fileID: 2016912808366974973, guid: ea8bf87d977e1e443b33965b21179475,
        type: 3}
      propertyPath: m_LocalRotation.w
      value: 1
      objectReference: {fileID: 0}
    - target: {fileID: 2016912808366974973, guid: ea8bf87d977e1e443b33965b21179475,
        type: 3}
      propertyPath: m_LocalRotation.x
      value: -0
      objectReference: {fileID: 0}
    - target: {fileID: 2016912808366974973, guid: ea8bf87d977e1e443b33965b21179475,
        type: 3}
      propertyPath: m_LocalRotation.y
      value: -0
      objectReference: {fileID: 0}
    - target: {fileID: 2016912808366974973, guid: ea8bf87d977e1e443b33965b21179475,
        type: 3}
      propertyPath: m_LocalRotation.z
      value: -0
      objectReference: {fileID: 0}
    - target: {fileID: 2016912808366974973, guid: ea8bf87d977e1e443b33965b21179475,
        type: 3}
      propertyPath: m_LocalEulerAnglesHint.x
      value: 0
      objectReference: {fileID: 0}
    - target: {fileID: 2016912808366974973, guid: ea8bf87d977e1e443b33965b21179475,
        type: 3}
      propertyPath: m_LocalEulerAnglesHint.y
      value: 0
      objectReference: {fileID: 0}
    - target: {fileID: 2016912808366974973, guid: ea8bf87d977e1e443b33965b21179475,
        type: 3}
      propertyPath: m_LocalEulerAnglesHint.z
      value: 0
      objectReference: {fileID: 0}
    m_RemovedComponents: []
  m_SourcePrefab: {fileID: 100100000, guid: ea8bf87d977e1e443b33965b21179475, type: 3}
--- !u!4 &1443360865 stripped
Transform:
  m_CorrespondingSourceObject: {fileID: 2016912808366974973, guid: ea8bf87d977e1e443b33965b21179475,
    type: 3}
  m_PrefabInstance: {fileID: 1443360864}
  m_PrefabAsset: {fileID: 0}
--- !u!1001 &1572241864
PrefabInstance:
  m_ObjectHideFlags: 0
  serializedVersion: 2
  m_Modification:
    m_TransformParent: {fileID: 810833977}
    m_Modifications:
    - target: {fileID: 2016912808366974963, guid: ea8bf87d977e1e443b33965b21179475,
        type: 3}
      propertyPath: m_Name
      value: platform (14)
      objectReference: {fileID: 0}
    - target: {fileID: 2016912808366974972, guid: ea8bf87d977e1e443b33965b21179475,
        type: 3}
      propertyPath: m_SortingLayer
      value: 2
      objectReference: {fileID: 0}
    - target: {fileID: 2016912808366974972, guid: ea8bf87d977e1e443b33965b21179475,
        type: 3}
      propertyPath: m_SortingLayerID
      value: -352488269
      objectReference: {fileID: 0}
    - target: {fileID: 2016912808366974973, guid: ea8bf87d977e1e443b33965b21179475,
        type: 3}
      propertyPath: m_RootOrder
      value: 14
      objectReference: {fileID: 0}
    - target: {fileID: 2016912808366974973, guid: ea8bf87d977e1e443b33965b21179475,
        type: 3}
      propertyPath: m_LocalScale.x
      value: 1
      objectReference: {fileID: 0}
    - target: {fileID: 2016912808366974973, guid: ea8bf87d977e1e443b33965b21179475,
        type: 3}
      propertyPath: m_LocalScale.y
      value: 1
      objectReference: {fileID: 0}
    - target: {fileID: 2016912808366974973, guid: ea8bf87d977e1e443b33965b21179475,
        type: 3}
      propertyPath: m_LocalPosition.x
      value: 8.4
      objectReference: {fileID: 0}
    - target: {fileID: 2016912808366974973, guid: ea8bf87d977e1e443b33965b21179475,
        type: 3}
      propertyPath: m_LocalPosition.y
      value: 144.7
      objectReference: {fileID: 0}
    - target: {fileID: 2016912808366974973, guid: ea8bf87d977e1e443b33965b21179475,
        type: 3}
      propertyPath: m_LocalPosition.z
      value: 0
      objectReference: {fileID: 0}
    - target: {fileID: 2016912808366974973, guid: ea8bf87d977e1e443b33965b21179475,
        type: 3}
      propertyPath: m_LocalRotation.w
      value: 1
      objectReference: {fileID: 0}
    - target: {fileID: 2016912808366974973, guid: ea8bf87d977e1e443b33965b21179475,
        type: 3}
      propertyPath: m_LocalRotation.x
      value: -0
      objectReference: {fileID: 0}
    - target: {fileID: 2016912808366974973, guid: ea8bf87d977e1e443b33965b21179475,
        type: 3}
      propertyPath: m_LocalRotation.y
      value: -0
      objectReference: {fileID: 0}
    - target: {fileID: 2016912808366974973, guid: ea8bf87d977e1e443b33965b21179475,
        type: 3}
      propertyPath: m_LocalRotation.z
      value: -0
      objectReference: {fileID: 0}
    - target: {fileID: 2016912808366974973, guid: ea8bf87d977e1e443b33965b21179475,
        type: 3}
      propertyPath: m_LocalEulerAnglesHint.x
      value: 0
      objectReference: {fileID: 0}
    - target: {fileID: 2016912808366974973, guid: ea8bf87d977e1e443b33965b21179475,
        type: 3}
      propertyPath: m_LocalEulerAnglesHint.y
      value: 0
      objectReference: {fileID: 0}
    - target: {fileID: 2016912808366974973, guid: ea8bf87d977e1e443b33965b21179475,
        type: 3}
      propertyPath: m_LocalEulerAnglesHint.z
      value: 0
      objectReference: {fileID: 0}
    m_RemovedComponents: []
  m_SourcePrefab: {fileID: 100100000, guid: ea8bf87d977e1e443b33965b21179475, type: 3}
--- !u!4 &1572241865 stripped
Transform:
  m_CorrespondingSourceObject: {fileID: 2016912808366974973, guid: ea8bf87d977e1e443b33965b21179475,
    type: 3}
  m_PrefabInstance: {fileID: 1572241864}
  m_PrefabAsset: {fileID: 0}
--- !u!1001 &1652346019
PrefabInstance:
  m_ObjectHideFlags: 0
  serializedVersion: 2
  m_Modification:
    m_TransformParent: {fileID: 810833977}
    m_Modifications:
    - target: {fileID: 2016912808366974963, guid: ea8bf87d977e1e443b33965b21179475,
        type: 3}
      propertyPath: m_Name
      value: platform (15)
      objectReference: {fileID: 0}
    - target: {fileID: 2016912808366974972, guid: ea8bf87d977e1e443b33965b21179475,
        type: 3}
      propertyPath: m_SortingLayer
      value: 2
      objectReference: {fileID: 0}
    - target: {fileID: 2016912808366974972, guid: ea8bf87d977e1e443b33965b21179475,
        type: 3}
      propertyPath: m_SortingLayerID
      value: -352488269
      objectReference: {fileID: 0}
    - target: {fileID: 2016912808366974973, guid: ea8bf87d977e1e443b33965b21179475,
        type: 3}
      propertyPath: m_RootOrder
      value: 15
      objectReference: {fileID: 0}
    - target: {fileID: 2016912808366974973, guid: ea8bf87d977e1e443b33965b21179475,
        type: 3}
      propertyPath: m_LocalScale.x
      value: 1
      objectReference: {fileID: 0}
    - target: {fileID: 2016912808366974973, guid: ea8bf87d977e1e443b33965b21179475,
        type: 3}
      propertyPath: m_LocalScale.y
      value: 1
      objectReference: {fileID: 0}
    - target: {fileID: 2016912808366974973, guid: ea8bf87d977e1e443b33965b21179475,
        type: 3}
      propertyPath: m_LocalPosition.x
      value: 19.3
      objectReference: {fileID: 0}
    - target: {fileID: 2016912808366974973, guid: ea8bf87d977e1e443b33965b21179475,
        type: 3}
      propertyPath: m_LocalPosition.y
      value: 159
      objectReference: {fileID: 0}
    - target: {fileID: 2016912808366974973, guid: ea8bf87d977e1e443b33965b21179475,
        type: 3}
      propertyPath: m_LocalPosition.z
      value: 0
      objectReference: {fileID: 0}
    - target: {fileID: 2016912808366974973, guid: ea8bf87d977e1e443b33965b21179475,
        type: 3}
      propertyPath: m_LocalRotation.w
      value: 1
      objectReference: {fileID: 0}
    - target: {fileID: 2016912808366974973, guid: ea8bf87d977e1e443b33965b21179475,
        type: 3}
      propertyPath: m_LocalRotation.x
      value: -0
      objectReference: {fileID: 0}
    - target: {fileID: 2016912808366974973, guid: ea8bf87d977e1e443b33965b21179475,
        type: 3}
      propertyPath: m_LocalRotation.y
      value: -0
      objectReference: {fileID: 0}
    - target: {fileID: 2016912808366974973, guid: ea8bf87d977e1e443b33965b21179475,
        type: 3}
      propertyPath: m_LocalRotation.z
      value: -0
      objectReference: {fileID: 0}
    - target: {fileID: 2016912808366974973, guid: ea8bf87d977e1e443b33965b21179475,
        type: 3}
      propertyPath: m_LocalEulerAnglesHint.x
      value: 0
      objectReference: {fileID: 0}
    - target: {fileID: 2016912808366974973, guid: ea8bf87d977e1e443b33965b21179475,
        type: 3}
      propertyPath: m_LocalEulerAnglesHint.y
      value: 0
      objectReference: {fileID: 0}
    - target: {fileID: 2016912808366974973, guid: ea8bf87d977e1e443b33965b21179475,
        type: 3}
      propertyPath: m_LocalEulerAnglesHint.z
      value: 0
      objectReference: {fileID: 0}
    m_RemovedComponents: []
  m_SourcePrefab: {fileID: 100100000, guid: ea8bf87d977e1e443b33965b21179475, type: 3}
--- !u!4 &1652346020 stripped
Transform:
  m_CorrespondingSourceObject: {fileID: 2016912808366974973, guid: ea8bf87d977e1e443b33965b21179475,
    type: 3}
  m_PrefabInstance: {fileID: 1652346019}
  m_PrefabAsset: {fileID: 0}
--- !u!1001 &1687479631
PrefabInstance:
  m_ObjectHideFlags: 0
  serializedVersion: 2
  m_Modification:
    m_TransformParent: {fileID: 810833977}
    m_Modifications:
    - target: {fileID: 2016912808366974963, guid: ea8bf87d977e1e443b33965b21179475,
        type: 3}
      propertyPath: m_Name
      value: platform (17)
      objectReference: {fileID: 0}
    - target: {fileID: 2016912808366974972, guid: ea8bf87d977e1e443b33965b21179475,
        type: 3}
      propertyPath: m_SortingLayer
      value: 2
      objectReference: {fileID: 0}
    - target: {fileID: 2016912808366974972, guid: ea8bf87d977e1e443b33965b21179475,
        type: 3}
      propertyPath: m_SortingLayerID
      value: -352488269
      objectReference: {fileID: 0}
    - target: {fileID: 2016912808366974973, guid: ea8bf87d977e1e443b33965b21179475,
        type: 3}
      propertyPath: m_RootOrder
      value: 17
      objectReference: {fileID: 0}
    - target: {fileID: 2016912808366974973, guid: ea8bf87d977e1e443b33965b21179475,
        type: 3}
      propertyPath: m_LocalScale.x
      value: 1
      objectReference: {fileID: 0}
    - target: {fileID: 2016912808366974973, guid: ea8bf87d977e1e443b33965b21179475,
        type: 3}
      propertyPath: m_LocalScale.y
      value: 1
      objectReference: {fileID: 0}
    - target: {fileID: 2016912808366974973, guid: ea8bf87d977e1e443b33965b21179475,
        type: 3}
      propertyPath: m_LocalPosition.x
      value: 7.6
      objectReference: {fileID: 0}
    - target: {fileID: 2016912808366974973, guid: ea8bf87d977e1e443b33965b21179475,
        type: 3}
      propertyPath: m_LocalPosition.y
      value: 169.9
      objectReference: {fileID: 0}
    - target: {fileID: 2016912808366974973, guid: ea8bf87d977e1e443b33965b21179475,
        type: 3}
      propertyPath: m_LocalPosition.z
      value: 0
      objectReference: {fileID: 0}
    - target: {fileID: 2016912808366974973, guid: ea8bf87d977e1e443b33965b21179475,
        type: 3}
      propertyPath: m_LocalRotation.w
      value: 1
      objectReference: {fileID: 0}
    - target: {fileID: 2016912808366974973, guid: ea8bf87d977e1e443b33965b21179475,
        type: 3}
      propertyPath: m_LocalRotation.x
      value: -0
      objectReference: {fileID: 0}
    - target: {fileID: 2016912808366974973, guid: ea8bf87d977e1e443b33965b21179475,
        type: 3}
      propertyPath: m_LocalRotation.y
      value: -0
      objectReference: {fileID: 0}
    - target: {fileID: 2016912808366974973, guid: ea8bf87d977e1e443b33965b21179475,
        type: 3}
      propertyPath: m_LocalRotation.z
      value: -0
      objectReference: {fileID: 0}
    - target: {fileID: 2016912808366974973, guid: ea8bf87d977e1e443b33965b21179475,
        type: 3}
      propertyPath: m_LocalEulerAnglesHint.x
      value: 0
      objectReference: {fileID: 0}
    - target: {fileID: 2016912808366974973, guid: ea8bf87d977e1e443b33965b21179475,
        type: 3}
      propertyPath: m_LocalEulerAnglesHint.y
      value: 0
      objectReference: {fileID: 0}
    - target: {fileID: 2016912808366974973, guid: ea8bf87d977e1e443b33965b21179475,
        type: 3}
      propertyPath: m_LocalEulerAnglesHint.z
      value: 0
      objectReference: {fileID: 0}
    m_RemovedComponents: []
  m_SourcePrefab: {fileID: 100100000, guid: ea8bf87d977e1e443b33965b21179475, type: 3}
--- !u!4 &1687479632 stripped
Transform:
  m_CorrespondingSourceObject: {fileID: 2016912808366974973, guid: ea8bf87d977e1e443b33965b21179475,
    type: 3}
  m_PrefabInstance: {fileID: 1687479631}
  m_PrefabAsset: {fileID: 0}
--- !u!1001 &1856493670
PrefabInstance:
  m_ObjectHideFlags: 0
  serializedVersion: 2
  m_Modification:
    m_TransformParent: {fileID: 810833977}
    m_Modifications:
    - target: {fileID: 2016912808366974963, guid: ea8bf87d977e1e443b33965b21179475,
        type: 3}
      propertyPath: m_Name
      value: platform (21)
      objectReference: {fileID: 0}
    - target: {fileID: 2016912808366974972, guid: ea8bf87d977e1e443b33965b21179475,
        type: 3}
      propertyPath: m_SortingLayer
      value: 2
      objectReference: {fileID: 0}
    - target: {fileID: 2016912808366974972, guid: ea8bf87d977e1e443b33965b21179475,
        type: 3}
      propertyPath: m_SortingLayerID
      value: -352488269
      objectReference: {fileID: 0}
    - target: {fileID: 2016912808366974973, guid: ea8bf87d977e1e443b33965b21179475,
        type: 3}
      propertyPath: m_RootOrder
      value: 21
      objectReference: {fileID: 0}
    - target: {fileID: 2016912808366974973, guid: ea8bf87d977e1e443b33965b21179475,
        type: 3}
      propertyPath: m_LocalScale.x
      value: 1
      objectReference: {fileID: 0}
    - target: {fileID: 2016912808366974973, guid: ea8bf87d977e1e443b33965b21179475,
        type: 3}
      propertyPath: m_LocalScale.y
      value: 1
      objectReference: {fileID: 0}
    - target: {fileID: 2016912808366974973, guid: ea8bf87d977e1e443b33965b21179475,
        type: 3}
      propertyPath: m_LocalPosition.x
      value: 8.4
      objectReference: {fileID: 0}
    - target: {fileID: 2016912808366974973, guid: ea8bf87d977e1e443b33965b21179475,
        type: 3}
      propertyPath: m_LocalPosition.y
      value: 217
      objectReference: {fileID: 0}
    - target: {fileID: 2016912808366974973, guid: ea8bf87d977e1e443b33965b21179475,
        type: 3}
      propertyPath: m_LocalPosition.z
      value: 0
      objectReference: {fileID: 0}
    - target: {fileID: 2016912808366974973, guid: ea8bf87d977e1e443b33965b21179475,
        type: 3}
      propertyPath: m_LocalRotation.w
      value: 1
      objectReference: {fileID: 0}
    - target: {fileID: 2016912808366974973, guid: ea8bf87d977e1e443b33965b21179475,
        type: 3}
      propertyPath: m_LocalRotation.x
      value: -0
      objectReference: {fileID: 0}
    - target: {fileID: 2016912808366974973, guid: ea8bf87d977e1e443b33965b21179475,
        type: 3}
      propertyPath: m_LocalRotation.y
      value: -0
      objectReference: {fileID: 0}
    - target: {fileID: 2016912808366974973, guid: ea8bf87d977e1e443b33965b21179475,
        type: 3}
      propertyPath: m_LocalRotation.z
      value: -0
      objectReference: {fileID: 0}
    - target: {fileID: 2016912808366974973, guid: ea8bf87d977e1e443b33965b21179475,
        type: 3}
      propertyPath: m_LocalEulerAnglesHint.x
      value: 0
      objectReference: {fileID: 0}
    - target: {fileID: 2016912808366974973, guid: ea8bf87d977e1e443b33965b21179475,
        type: 3}
      propertyPath: m_LocalEulerAnglesHint.y
      value: 0
      objectReference: {fileID: 0}
    - target: {fileID: 2016912808366974973, guid: ea8bf87d977e1e443b33965b21179475,
        type: 3}
      propertyPath: m_LocalEulerAnglesHint.z
      value: 0
      objectReference: {fileID: 0}
    m_RemovedComponents: []
  m_SourcePrefab: {fileID: 100100000, guid: ea8bf87d977e1e443b33965b21179475, type: 3}
--- !u!4 &1856493671 stripped
Transform:
  m_CorrespondingSourceObject: {fileID: 2016912808366974973, guid: ea8bf87d977e1e443b33965b21179475,
    type: 3}
  m_PrefabInstance: {fileID: 1856493670}
  m_PrefabAsset: {fileID: 0}
--- !u!1001 &1973533463
PrefabInstance:
  m_ObjectHideFlags: 0
  serializedVersion: 2
  m_Modification:
    m_TransformParent: {fileID: 810833977}
    m_Modifications:
    - target: {fileID: 2016912808366974963, guid: ea8bf87d977e1e443b33965b21179475,
        type: 3}
      propertyPath: m_Name
      value: platform (12)
      objectReference: {fileID: 0}
    - target: {fileID: 2016912808366974972, guid: ea8bf87d977e1e443b33965b21179475,
        type: 3}
      propertyPath: m_SortingLayer
      value: 2
      objectReference: {fileID: 0}
    - target: {fileID: 2016912808366974972, guid: ea8bf87d977e1e443b33965b21179475,
        type: 3}
      propertyPath: m_SortingLayerID
      value: -352488269
      objectReference: {fileID: 0}
    - target: {fileID: 2016912808366974973, guid: ea8bf87d977e1e443b33965b21179475,
        type: 3}
      propertyPath: m_RootOrder
      value: 12
      objectReference: {fileID: 0}
    - target: {fileID: 2016912808366974973, guid: ea8bf87d977e1e443b33965b21179475,
        type: 3}
      propertyPath: m_LocalScale.x
      value: 1
      objectReference: {fileID: 0}
    - target: {fileID: 2016912808366974973, guid: ea8bf87d977e1e443b33965b21179475,
        type: 3}
      propertyPath: m_LocalScale.y
      value: 1
      objectReference: {fileID: 0}
    - target: {fileID: 2016912808366974973, guid: ea8bf87d977e1e443b33965b21179475,
        type: 3}
      propertyPath: m_LocalPosition.x
      value: 7
      objectReference: {fileID: 0}
    - target: {fileID: 2016912808366974973, guid: ea8bf87d977e1e443b33965b21179475,
        type: 3}
      propertyPath: m_LocalPosition.y
      value: 116.5
      objectReference: {fileID: 0}
    - target: {fileID: 2016912808366974973, guid: ea8bf87d977e1e443b33965b21179475,
        type: 3}
      propertyPath: m_LocalPosition.z
      value: 0
      objectReference: {fileID: 0}
    - target: {fileID: 2016912808366974973, guid: ea8bf87d977e1e443b33965b21179475,
        type: 3}
      propertyPath: m_LocalRotation.w
      value: 1
      objectReference: {fileID: 0}
    - target: {fileID: 2016912808366974973, guid: ea8bf87d977e1e443b33965b21179475,
        type: 3}
      propertyPath: m_LocalRotation.x
      value: -0
      objectReference: {fileID: 0}
    - target: {fileID: 2016912808366974973, guid: ea8bf87d977e1e443b33965b21179475,
        type: 3}
      propertyPath: m_LocalRotation.y
      value: -0
      objectReference: {fileID: 0}
    - target: {fileID: 2016912808366974973, guid: ea8bf87d977e1e443b33965b21179475,
        type: 3}
      propertyPath: m_LocalRotation.z
      value: -0
      objectReference: {fileID: 0}
    - target: {fileID: 2016912808366974973, guid: ea8bf87d977e1e443b33965b21179475,
        type: 3}
      propertyPath: m_LocalEulerAnglesHint.x
      value: 0
      objectReference: {fileID: 0}
    - target: {fileID: 2016912808366974973, guid: ea8bf87d977e1e443b33965b21179475,
        type: 3}
      propertyPath: m_LocalEulerAnglesHint.y
      value: 0
      objectReference: {fileID: 0}
    - target: {fileID: 2016912808366974973, guid: ea8bf87d977e1e443b33965b21179475,
        type: 3}
      propertyPath: m_LocalEulerAnglesHint.z
      value: 0
      objectReference: {fileID: 0}
    m_RemovedComponents: []
  m_SourcePrefab: {fileID: 100100000, guid: ea8bf87d977e1e443b33965b21179475, type: 3}
--- !u!4 &1973533464 stripped
Transform:
  m_CorrespondingSourceObject: {fileID: 2016912808366974973, guid: ea8bf87d977e1e443b33965b21179475,
    type: 3}
  m_PrefabInstance: {fileID: 1973533463}
  m_PrefabAsset: {fileID: 0}
--- !u!1001 &2002710995
PrefabInstance:
  m_ObjectHideFlags: 0
  serializedVersion: 2
  m_Modification:
    m_TransformParent: {fileID: 810833977}
    m_Modifications:
    - target: {fileID: 2016912808366974963, guid: ea8bf87d977e1e443b33965b21179475,
        type: 3}
      propertyPath: m_Name
      value: platform (13)
      objectReference: {fileID: 0}
    - target: {fileID: 2016912808366974972, guid: ea8bf87d977e1e443b33965b21179475,
        type: 3}
      propertyPath: m_SortingLayer
      value: 2
      objectReference: {fileID: 0}
    - target: {fileID: 2016912808366974972, guid: ea8bf87d977e1e443b33965b21179475,
        type: 3}
      propertyPath: m_SortingLayerID
      value: -352488269
      objectReference: {fileID: 0}
    - target: {fileID: 2016912808366974973, guid: ea8bf87d977e1e443b33965b21179475,
        type: 3}
      propertyPath: m_RootOrder
      value: 13
      objectReference: {fileID: 0}
    - target: {fileID: 2016912808366974973, guid: ea8bf87d977e1e443b33965b21179475,
        type: 3}
      propertyPath: m_LocalScale.x
      value: 1
      objectReference: {fileID: 0}
    - target: {fileID: 2016912808366974973, guid: ea8bf87d977e1e443b33965b21179475,
        type: 3}
      propertyPath: m_LocalScale.y
      value: 1
      objectReference: {fileID: 0}
    - target: {fileID: 2016912808366974973, guid: ea8bf87d977e1e443b33965b21179475,
        type: 3}
      propertyPath: m_LocalPosition.x
      value: 16
      objectReference: {fileID: 0}
    - target: {fileID: 2016912808366974973, guid: ea8bf87d977e1e443b33965b21179475,
        type: 3}
      propertyPath: m_LocalPosition.y
      value: 129.6
      objectReference: {fileID: 0}
    - target: {fileID: 2016912808366974973, guid: ea8bf87d977e1e443b33965b21179475,
        type: 3}
      propertyPath: m_LocalPosition.z
      value: 0
      objectReference: {fileID: 0}
    - target: {fileID: 2016912808366974973, guid: ea8bf87d977e1e443b33965b21179475,
        type: 3}
      propertyPath: m_LocalRotation.w
      value: 1
      objectReference: {fileID: 0}
    - target: {fileID: 2016912808366974973, guid: ea8bf87d977e1e443b33965b21179475,
        type: 3}
      propertyPath: m_LocalRotation.x
      value: -0
      objectReference: {fileID: 0}
    - target: {fileID: 2016912808366974973, guid: ea8bf87d977e1e443b33965b21179475,
        type: 3}
      propertyPath: m_LocalRotation.y
      value: -0
      objectReference: {fileID: 0}
    - target: {fileID: 2016912808366974973, guid: ea8bf87d977e1e443b33965b21179475,
        type: 3}
      propertyPath: m_LocalRotation.z
      value: -0
      objectReference: {fileID: 0}
    - target: {fileID: 2016912808366974973, guid: ea8bf87d977e1e443b33965b21179475,
        type: 3}
      propertyPath: m_LocalEulerAnglesHint.x
      value: 0
      objectReference: {fileID: 0}
    - target: {fileID: 2016912808366974973, guid: ea8bf87d977e1e443b33965b21179475,
        type: 3}
      propertyPath: m_LocalEulerAnglesHint.y
      value: 0
      objectReference: {fileID: 0}
    - target: {fileID: 2016912808366974973, guid: ea8bf87d977e1e443b33965b21179475,
        type: 3}
      propertyPath: m_LocalEulerAnglesHint.z
      value: 0
      objectReference: {fileID: 0}
    m_RemovedComponents: []
  m_SourcePrefab: {fileID: 100100000, guid: ea8bf87d977e1e443b33965b21179475, type: 3}
--- !u!4 &2002710996 stripped
Transform:
  m_CorrespondingSourceObject: {fileID: 2016912808366974973, guid: ea8bf87d977e1e443b33965b21179475,
    type: 3}
  m_PrefabInstance: {fileID: 2002710995}
  m_PrefabAsset: {fileID: 0}
--- !u!1001 &2016293146
PrefabInstance:
  m_ObjectHideFlags: 0
  serializedVersion: 2
  m_Modification:
    m_TransformParent: {fileID: 810833977}
    m_Modifications:
    - target: {fileID: 2016912808366974963, guid: ea8bf87d977e1e443b33965b21179475,
        type: 3}
      propertyPath: m_Name
      value: platform (9)
      objectReference: {fileID: 0}
    - target: {fileID: 2016912808366974972, guid: ea8bf87d977e1e443b33965b21179475,
        type: 3}
      propertyPath: m_SortingLayer
      value: 2
      objectReference: {fileID: 0}
    - target: {fileID: 2016912808366974972, guid: ea8bf87d977e1e443b33965b21179475,
        type: 3}
      propertyPath: m_SortingLayerID
      value: -352488269
      objectReference: {fileID: 0}
    - target: {fileID: 2016912808366974973, guid: ea8bf87d977e1e443b33965b21179475,
        type: 3}
      propertyPath: m_RootOrder
      value: 9
      objectReference: {fileID: 0}
    - target: {fileID: 2016912808366974973, guid: ea8bf87d977e1e443b33965b21179475,
        type: 3}
      propertyPath: m_LocalScale.x
      value: 1
      objectReference: {fileID: 0}
    - target: {fileID: 2016912808366974973, guid: ea8bf87d977e1e443b33965b21179475,
        type: 3}
      propertyPath: m_LocalScale.y
      value: 1
      objectReference: {fileID: 0}
    - target: {fileID: 2016912808366974973, guid: ea8bf87d977e1e443b33965b21179475,
        type: 3}
      propertyPath: m_LocalPosition.x
      value: 15.7
      objectReference: {fileID: 0}
    - target: {fileID: 2016912808366974973, guid: ea8bf87d977e1e443b33965b21179475,
        type: 3}
      propertyPath: m_LocalPosition.y
      value: 96
      objectReference: {fileID: 0}
    - target: {fileID: 2016912808366974973, guid: ea8bf87d977e1e443b33965b21179475,
        type: 3}
      propertyPath: m_LocalPosition.z
      value: 0
      objectReference: {fileID: 0}
    - target: {fileID: 2016912808366974973, guid: ea8bf87d977e1e443b33965b21179475,
        type: 3}
      propertyPath: m_LocalRotation.w
      value: 1
      objectReference: {fileID: 0}
    - target: {fileID: 2016912808366974973, guid: ea8bf87d977e1e443b33965b21179475,
        type: 3}
      propertyPath: m_LocalRotation.x
      value: -0
      objectReference: {fileID: 0}
    - target: {fileID: 2016912808366974973, guid: ea8bf87d977e1e443b33965b21179475,
        type: 3}
      propertyPath: m_LocalRotation.y
      value: -0
      objectReference: {fileID: 0}
    - target: {fileID: 2016912808366974973, guid: ea8bf87d977e1e443b33965b21179475,
        type: 3}
      propertyPath: m_LocalRotation.z
      value: -0
      objectReference: {fileID: 0}
    - target: {fileID: 2016912808366974973, guid: ea8bf87d977e1e443b33965b21179475,
        type: 3}
      propertyPath: m_LocalEulerAnglesHint.x
      value: 0
      objectReference: {fileID: 0}
    - target: {fileID: 2016912808366974973, guid: ea8bf87d977e1e443b33965b21179475,
        type: 3}
      propertyPath: m_LocalEulerAnglesHint.y
      value: 0
      objectReference: {fileID: 0}
    - target: {fileID: 2016912808366974973, guid: ea8bf87d977e1e443b33965b21179475,
        type: 3}
      propertyPath: m_LocalEulerAnglesHint.z
      value: 0
      objectReference: {fileID: 0}
    m_RemovedComponents: []
  m_SourcePrefab: {fileID: 100100000, guid: ea8bf87d977e1e443b33965b21179475, type: 3}
--- !u!4 &2016293147 stripped
Transform:
  m_CorrespondingSourceObject: {fileID: 2016912808366974973, guid: ea8bf87d977e1e443b33965b21179475,
    type: 3}
  m_PrefabInstance: {fileID: 2016293146}
  m_PrefabAsset: {fileID: 0}
--- !u!1001 &2108284157
PrefabInstance:
  m_ObjectHideFlags: 0
  serializedVersion: 2
  m_Modification:
    m_TransformParent: {fileID: 810833977}
    m_Modifications:
    - target: {fileID: 2016912808366974963, guid: ea8bf87d977e1e443b33965b21179475,
        type: 3}
      propertyPath: m_Name
      value: platform (10)
      objectReference: {fileID: 0}
    - target: {fileID: 2016912808366974972, guid: ea8bf87d977e1e443b33965b21179475,
        type: 3}
      propertyPath: m_SortingLayer
      value: 2
      objectReference: {fileID: 0}
    - target: {fileID: 2016912808366974972, guid: ea8bf87d977e1e443b33965b21179475,
        type: 3}
      propertyPath: m_SortingLayerID
      value: -352488269
      objectReference: {fileID: 0}
    - target: {fileID: 2016912808366974973, guid: ea8bf87d977e1e443b33965b21179475,
        type: 3}
      propertyPath: m_RootOrder
      value: 10
      objectReference: {fileID: 0}
    - target: {fileID: 2016912808366974973, guid: ea8bf87d977e1e443b33965b21179475,
        type: 3}
      propertyPath: m_LocalScale.x
      value: 1
      objectReference: {fileID: 0}
    - target: {fileID: 2016912808366974973, guid: ea8bf87d977e1e443b33965b21179475,
        type: 3}
      propertyPath: m_LocalScale.y
      value: 1
      objectReference: {fileID: 0}
    - target: {fileID: 2016912808366974973, guid: ea8bf87d977e1e443b33965b21179475,
        type: 3}
      propertyPath: m_LocalPosition.x
      value: 6.5
      objectReference: {fileID: 0}
    - target: {fileID: 2016912808366974973, guid: ea8bf87d977e1e443b33965b21179475,
        type: 3}
      propertyPath: m_LocalPosition.y
      value: 104.3
      objectReference: {fileID: 0}
    - target: {fileID: 2016912808366974973, guid: ea8bf87d977e1e443b33965b21179475,
        type: 3}
      propertyPath: m_LocalPosition.z
      value: 0
      objectReference: {fileID: 0}
    - target: {fileID: 2016912808366974973, guid: ea8bf87d977e1e443b33965b21179475,
        type: 3}
      propertyPath: m_LocalRotation.w
      value: 1
      objectReference: {fileID: 0}
    - target: {fileID: 2016912808366974973, guid: ea8bf87d977e1e443b33965b21179475,
        type: 3}
      propertyPath: m_LocalRotation.x
      value: -0
      objectReference: {fileID: 0}
    - target: {fileID: 2016912808366974973, guid: ea8bf87d977e1e443b33965b21179475,
        type: 3}
      propertyPath: m_LocalRotation.y
      value: -0
      objectReference: {fileID: 0}
    - target: {fileID: 2016912808366974973, guid: ea8bf87d977e1e443b33965b21179475,
        type: 3}
      propertyPath: m_LocalRotation.z
      value: -0
      objectReference: {fileID: 0}
    - target: {fileID: 2016912808366974973, guid: ea8bf87d977e1e443b33965b21179475,
        type: 3}
      propertyPath: m_LocalEulerAnglesHint.x
      value: 0
      objectReference: {fileID: 0}
    - target: {fileID: 2016912808366974973, guid: ea8bf87d977e1e443b33965b21179475,
        type: 3}
      propertyPath: m_LocalEulerAnglesHint.y
      value: 0
      objectReference: {fileID: 0}
    - target: {fileID: 2016912808366974973, guid: ea8bf87d977e1e443b33965b21179475,
        type: 3}
      propertyPath: m_LocalEulerAnglesHint.z
      value: 0
      objectReference: {fileID: 0}
    m_RemovedComponents: []
  m_SourcePrefab: {fileID: 100100000, guid: ea8bf87d977e1e443b33965b21179475, type: 3}
--- !u!4 &2108284158 stripped
Transform:
  m_CorrespondingSourceObject: {fileID: 2016912808366974973, guid: ea8bf87d977e1e443b33965b21179475,
    type: 3}
  m_PrefabInstance: {fileID: 2108284157}
  m_PrefabAsset: {fileID: 0}
--- !u!1001 &2121856058
PrefabInstance:
  m_ObjectHideFlags: 0
  serializedVersion: 2
  m_Modification:
    m_TransformParent: {fileID: 810833977}
    m_Modifications:
    - target: {fileID: 2016912808366974963, guid: ea8bf87d977e1e443b33965b21179475,
        type: 3}
      propertyPath: m_Name
      value: platform (5)
      objectReference: {fileID: 0}
    - target: {fileID: 2016912808366974972, guid: ea8bf87d977e1e443b33965b21179475,
        type: 3}
      propertyPath: m_SortingLayer
      value: 2
      objectReference: {fileID: 0}
    - target: {fileID: 2016912808366974972, guid: ea8bf87d977e1e443b33965b21179475,
        type: 3}
      propertyPath: m_SortingLayerID
      value: -352488269
      objectReference: {fileID: 0}
    - target: {fileID: 2016912808366974973, guid: ea8bf87d977e1e443b33965b21179475,
        type: 3}
      propertyPath: m_RootOrder
      value: 5
      objectReference: {fileID: 0}
    - target: {fileID: 2016912808366974973, guid: ea8bf87d977e1e443b33965b21179475,
        type: 3}
      propertyPath: m_LocalScale.x
      value: 1
      objectReference: {fileID: 0}
    - target: {fileID: 2016912808366974973, guid: ea8bf87d977e1e443b33965b21179475,
        type: 3}
      propertyPath: m_LocalScale.y
      value: 1
      objectReference: {fileID: 0}
    - target: {fileID: 2016912808366974973, guid: ea8bf87d977e1e443b33965b21179475,
        type: 3}
      propertyPath: m_LocalPosition.x
      value: 1.8
      objectReference: {fileID: 0}
    - target: {fileID: 2016912808366974973, guid: ea8bf87d977e1e443b33965b21179475,
        type: 3}
      propertyPath: m_LocalPosition.y
      value: 50.9
      objectReference: {fileID: 0}
    - target: {fileID: 2016912808366974973, guid: ea8bf87d977e1e443b33965b21179475,
        type: 3}
      propertyPath: m_LocalPosition.z
      value: 0
      objectReference: {fileID: 0}
    - target: {fileID: 2016912808366974973, guid: ea8bf87d977e1e443b33965b21179475,
        type: 3}
      propertyPath: m_LocalRotation.w
      value: 1
      objectReference: {fileID: 0}
    - target: {fileID: 2016912808366974973, guid: ea8bf87d977e1e443b33965b21179475,
        type: 3}
      propertyPath: m_LocalRotation.x
      value: -0
      objectReference: {fileID: 0}
    - target: {fileID: 2016912808366974973, guid: ea8bf87d977e1e443b33965b21179475,
        type: 3}
      propertyPath: m_LocalRotation.y
      value: -0
      objectReference: {fileID: 0}
    - target: {fileID: 2016912808366974973, guid: ea8bf87d977e1e443b33965b21179475,
        type: 3}
      propertyPath: m_LocalRotation.z
      value: -0
      objectReference: {fileID: 0}
    - target: {fileID: 2016912808366974973, guid: ea8bf87d977e1e443b33965b21179475,
        type: 3}
      propertyPath: m_LocalEulerAnglesHint.x
      value: 0
      objectReference: {fileID: 0}
    - target: {fileID: 2016912808366974973, guid: ea8bf87d977e1e443b33965b21179475,
        type: 3}
      propertyPath: m_LocalEulerAnglesHint.y
      value: 0
      objectReference: {fileID: 0}
    - target: {fileID: 2016912808366974973, guid: ea8bf87d977e1e443b33965b21179475,
        type: 3}
      propertyPath: m_LocalEulerAnglesHint.z
      value: 0
      objectReference: {fileID: 0}
    m_RemovedComponents: []
  m_SourcePrefab: {fileID: 100100000, guid: ea8bf87d977e1e443b33965b21179475, type: 3}
--- !u!4 &2121856059 stripped
Transform:
  m_CorrespondingSourceObject: {fileID: 2016912808366974973, guid: ea8bf87d977e1e443b33965b21179475,
    type: 3}
  m_PrefabInstance: {fileID: 2121856058}
  m_PrefabAsset: {fileID: 0}
--- !u!1001 &2016912808375007412
PrefabInstance:
  m_ObjectHideFlags: 0
  serializedVersion: 2
  m_Modification:
    m_TransformParent: {fileID: 810833977}
    m_Modifications:
    - target: {fileID: 2016912808366974963, guid: ea8bf87d977e1e443b33965b21179475,
        type: 3}
      propertyPath: m_Name
      value: platform
      objectReference: {fileID: 0}
    - target: {fileID: 2016912808366974972, guid: ea8bf87d977e1e443b33965b21179475,
        type: 3}
      propertyPath: m_SortingLayer
      value: 2
      objectReference: {fileID: 0}
    - target: {fileID: 2016912808366974972, guid: ea8bf87d977e1e443b33965b21179475,
        type: 3}
      propertyPath: m_SortingLayerID
      value: -352488269
      objectReference: {fileID: 0}
    - target: {fileID: 2016912808366974973, guid: ea8bf87d977e1e443b33965b21179475,
        type: 3}
      propertyPath: m_RootOrder
      value: 0
      objectReference: {fileID: 0}
    - target: {fileID: 2016912808366974973, guid: ea8bf87d977e1e443b33965b21179475,
        type: 3}
      propertyPath: m_LocalScale.x
      value: 1
      objectReference: {fileID: 0}
    - target: {fileID: 2016912808366974973, guid: ea8bf87d977e1e443b33965b21179475,
        type: 3}
      propertyPath: m_LocalScale.y
      value: 1
      objectReference: {fileID: 0}
    - target: {fileID: 2016912808366974973, guid: ea8bf87d977e1e443b33965b21179475,
        type: 3}
      propertyPath: m_LocalPosition.x
      value: 0
      objectReference: {fileID: 0}
    - target: {fileID: 2016912808366974973, guid: ea8bf87d977e1e443b33965b21179475,
        type: 3}
      propertyPath: m_LocalPosition.y
      value: 0
      objectReference: {fileID: 0}
    - target: {fileID: 2016912808366974973, guid: ea8bf87d977e1e443b33965b21179475,
        type: 3}
      propertyPath: m_LocalPosition.z
      value: 0
      objectReference: {fileID: 0}
    - target: {fileID: 2016912808366974973, guid: ea8bf87d977e1e443b33965b21179475,
        type: 3}
      propertyPath: m_LocalRotation.w
      value: 1
      objectReference: {fileID: 0}
    - target: {fileID: 2016912808366974973, guid: ea8bf87d977e1e443b33965b21179475,
        type: 3}
      propertyPath: m_LocalRotation.x
      value: -0
      objectReference: {fileID: 0}
    - target: {fileID: 2016912808366974973, guid: ea8bf87d977e1e443b33965b21179475,
        type: 3}
      propertyPath: m_LocalRotation.y
      value: -0
      objectReference: {fileID: 0}
    - target: {fileID: 2016912808366974973, guid: ea8bf87d977e1e443b33965b21179475,
        type: 3}
      propertyPath: m_LocalRotation.z
      value: -0
      objectReference: {fileID: 0}
    - target: {fileID: 2016912808366974973, guid: ea8bf87d977e1e443b33965b21179475,
        type: 3}
      propertyPath: m_LocalEulerAnglesHint.x
      value: 0
      objectReference: {fileID: 0}
    - target: {fileID: 2016912808366974973, guid: ea8bf87d977e1e443b33965b21179475,
        type: 3}
      propertyPath: m_LocalEulerAnglesHint.y
      value: 0
      objectReference: {fileID: 0}
    - target: {fileID: 2016912808366974973, guid: ea8bf87d977e1e443b33965b21179475,
        type: 3}
      propertyPath: m_LocalEulerAnglesHint.z
      value: 0
      objectReference: {fileID: 0}
    m_RemovedComponents: []
  m_SourcePrefab: {fileID: 100100000, guid: ea8bf87d977e1e443b33965b21179475, type: 3}
--- !u!4 &2016912808375007413 stripped
Transform:
  m_CorrespondingSourceObject: {fileID: 2016912808366974973, guid: ea8bf87d977e1e443b33965b21179475,
    type: 3}
  m_PrefabInstance: {fileID: 2016912808375007412}
  m_PrefabAsset: {fileID: 0}
